@comment{x-kbibtex-encoding=utf-8}

@book{griff,
      author        = "Griffiths, David J",
      title         = "{Introduction to elementary particles; 2nd rev. version}",
      publisher     = "Wiley",
      address       = "New York, NY",
      series        = "Physics textbook",
      year          = "2008",
      url           = "https://cds.cern.ch/record/111880",
}

@book{Thomson:2013zua,
    author = "Thomson, Mark",
    title = "{Modern particle physics}",
    isbn = "978-1-107-03426-6",
    publisher = "Cambridge University Press",
    address = "New York",
    year = "2013"
}
@article{lhcb,
   url={https://home.cern/science/experiments/lhcb},


	author = {  Oficcial CERN web page},
	title = {"{LHCb}"},

}
@article{schedule,
   url={https://project-hl-lhc-industry.web.cern.ch/content/project-schedule},


	author = {  Oficcial CERN web page},
	title = {"{Project Schedule}"},

}
@article{detector,
   url={https://cms.cern/detector},


	author = {  Oficcial CERN web page},

	title = {"{DETECTOR}"},

}
@article{cmsweb,
   url={https://home.cern/science/experiments/cms},


	author = {  Oficcial CERN web page},
	title = {"{CMS}"},

}
@article{lumi2180,
   url={https://home.cern/news/news/accelerators/final-lap-lhc-track-protons-2018},


	author = {  Corinne Pralavorio},
	school ={ Oficcial CERN web page},
	title = {"{Final lap of the LHC track for protons in 2018}"},

}
@article{cernpg,
   url={https://home.cern/resources/faqs/facts-and-figures-about-lhc},


	author = {  Oficcial CERN web page},
	title = {"{Facts and figures about the LHC}"},

}
@article{smtable,
title = {"{Standard Model}"},
url={{https://en.wikipedia.org/wiki/Standard_Model#/media/File:Standard_Model_of_Elementary_Particles.svg}},
author = {{MissMJ}}
}
@phdthesis{White,
    author = "White, Simon Mathieu",
    title = "{Determination of the Absolute Luminosity at the LHC}",
    reportNumber = "CERN-THESIS-2010-139, LAL-10-154, tel-00537325",
    school = "Orsay, Universit\'e Paris-Sud 11",
    year = "2010"
}

@article{higgsd,
title = {"{Observation of a new boson at a mass of 125 GeV with the CMS experiment at the LHC}"},
journal = "Physics Letters B",
volume = "716",
number = "1",
year = "2012",
pages = "30 - 61",
url = "https://doi.org/10.1016/j.physletb.2012.08.021",
author = " CMS collaboration" ,
keywords = "CMS, Physics, Higgs"
}
@techreport{Bachtis:2648953,
      author        = "Bachtis, Michail",
      title         = "{Upgrade of the CMS Barrel Muon Track Finder for HL-LHC
                       featuring a Kalman Filter algorithm and an ATCA Host
                       Processor with Ultrascale+ FPGAs}",
      institution   = "CERN",
      collaboration = "CMS Collaboration",
      address       = "Geneva",
      reportNumber  = "CMS-CR-2018-294",
      month         = "Oct",
      year          = "2018",
      doi           = "10.22323/1.343.0139",
}
@article{Aad_2012,
   title={"{Observation of a new particle in the search for the Standard Model Higgs boson with the ATLAS detector at the LHC}"},
volume={716},
   url={http://dx.doi.org/10.1016/j.physletb.2012.08.020},
   number={1},
   pages = "1 - 29",
   journal={Physics Letters B},
   author={ATLAS collaboration},
   year={2012},
   month={Sep},
}

@article{CMS:2019drq,
title = "{{A measurement of the Higgs boson mass in the diphoton decay channel}}",
journal = {Physics Letters B},
volume = {805},
pages = {135425},
year = {2020},
issn = {0370-2693},
doi = {https://doi.org/10.1016/j.physletb.2020.135425},
author = "{CMS collaboration}",
}

@article{CMS:2016zvd,
    autor = "CMS collaboration",
    title = "{CMS Luminosity Calibration for the pp Reference Run at $\sqrt{s}=5.02~\mathrm{TeV}$}",
    reportNumber = "CMS-PAS-LUM-16-001",
    year = "2016"
}

@article{cern3,
	author = {G. Apollinari et. al.},
	title = {"{High-Luminosity Large Hadron Collider (HL-LHC) Technical Design Report V. 0.1}". {Report number: CERN-2017-007-M}},
	journal = {CERN Yellow Reports: Monographs Archives Vol 4 (2017)},
	month = April,
    url= "http://dx.doi.org/10.23731/CYRM-2017-004",
	year = {2017}
}

@article{cms-manual,
      author        = {CMS collaboration},
      title         = {"{CMS Physics: Technical} Design Report Volume 1: Detector
                       Performance and Software". {Report number: CERN-LHCC-2006-001}},
      collaboration = "CMS collaboration",
      series        = "Technical Design Report CMS",
      year          = "2006",
      url           = "http://cds.cern.ch/record/922757",
}

@book{Bruning:782076,
      author        = "Br√ºning, Oliver Sim and Collier, Paul and Lebrun, P and
                       Myers, Stephen and Ostojic, Ranko and Poole, John and
                       Proudlock, Paul",
      title         = {"{LHC Design Report}"},
      publisher     = "CERN",
      address       = "Geneva",
      series        = "CERN Yellow Reports: Monographs",
      year          = "2004",
      doi           = "10.5170/CERN-2004-003-V-1",
}

@techreport{DelBurgo:2706637,
      author        = "Del Burgo, Riccardo",
      title         = "{
The Tracker End-cap Pixel detector for CMS Phase-2
                       upgrade
}",
      institution   = "CERN",
      collaboration = "CMS Collaboration",
      address       = "Geneva",
      reportNumber  = "CMS-CR-2019-146",
      month         = "Sep",
      year          = "2019",
      url           = "https://cds.cern.ch/record/2706637",
}
@article{cms7,
   url={http://dx.doi.org/10.1088/1748-0221/8/11/P11002},
	year = 2013,
	month = {November},
	volume = {Volume 8},
	author = { CMS collaboration},
	title = {"{The performance of the CMS muon detector in proton-proton collisions at $\sqrt{s}$= 7 TeV at the LHC}"},
	journal = {Journal of Instrumentation},
}
@article{ABBIENDI2009192,
title = {{"The CMS muon barrel drift tubes system commissioning"}},
journal = {Nuclear Instruments and Methods in Physics Research Section A: Accelerators, Spectrometers, Detectors and Associated Equipment},
volume = {598},
number = {1},
pages = {192-195},
year = {2009},
note = {Instrumentation for Collding Beam Physics},
issn = {0168-9002},
url = {https://doi.org/10.1016/j.nima.2008.08.100},
author = {G. Abbiendi et al.},
keywords = {CMS, Muon, Drift tubes, Barrel system},
abstract = {The CMS muon barrel drift tubes system has been recently fully installed and commissioned in the experiment. The performance and the current status of the detector are briefly presented and discussed.}
}		
@techreport{CMS-PAS-LUM-18-002,
      title         = "{"CMS luminosity measurement for the 2018 data-taking
                       period at $\sqrt{s} = 13~\mathrm{TeV}$"}",
      institution   = "CERN",
      collaboration = "CMS Collaboration",
      address       = "Geneva",
      author       =   {CMS Collaboration},
      reportNumber  = "CMS-PAS-LUM-18-002",
      year          = "2019",
      url           = "https://cds.cern.ch/record/2676164",
}
@thesis{CERN-THESIS-2018-051,
      author        = "Hostettler, Michi",
      title         = "{LHC Luminosity Performance}",
      school        = "Albert Einstein Center for Fundamental Physics",
      month         = "May",
      year          = "2018",
      url           = "https://cds.cern.ch/record/2319396",
      note          = "Presented 21 Jun 2018",
}
@techreport{CMS-PAS-LUM-12-001,
      title         = "{CMS Luminosity Based on Pixel Cluster Counting - Summer
                       2012 Update}",
      institution   = "CERN",
      collaboration = "CMS Collaboration",
      address       = "Geneva",
      reportNumber  = "CMS-PAS-LUM-12-001",
      year          = "2012",
      url           = "https://cds.cern.ch/record/1482193",
}

@techreport{vanderMeer:296752,
      author        = "van der Meer, S",
      title         = "{Calibration of the effective beam height in the ISR}",
      institution   = "CERN",
      address       = "Geneva",
      reportNumber  = "CERN-ISR-PO-68-31, ISR-PO-68-31",
      year          = "1968",
      url           = "https://cds.cern.ch/record/296752",
}
@techreport{CERN-LHCC-2017-009,
      title         = {"{The Phase-2 Upgrade of the CMS Tracker}"},
      institution   = "CERN",
      autor = "CMS Collaboration",
      address       = "Geneva",
      reportNumber  = "CERN-LHCC-2017-009, CMS-TDR-014",
      month         = "Jun",
      year          = "2017",
      url           = "https://cds.cern.ch/record/2272264",
}
@techreport{Contardo:2020886,
      author        = "Contardo, D and Klute, M and Mans, J and Silvestris, L and
                       Butler, J",
      title         = {"{Technical Proposal for the Phase-II Upgrade of the CMS
                       Detector}"},
      address       = "Geneva",
      reportNumber  = "CERN-LHCC-2015-010, LHCC-P-008, CMS-TDR-15-02",
      month         = "Jun",
      year          = "2015",
      url           = "https://cds.cern.ch/record/2020886",
}
@article{datarates,
   url={https://indico.cern.ch/event/1011510/},


	author = { BRIL Ph2 Simulations Meeting},
	title = {"{Summary of Data Transfer Rates for
Phase II Luminometers}"},

}
@article{CMSTrackerGroup:2020edz,
    author = "Adam, W. and others",
    collaboration = "CMS Tracker Group",
    title = "{The CMS Phase-1 Pixel Detector Upgrade}",
    eprint = "2012.14304",
    archivePrefix = "arXiv",
    primaryClass = "physics.ins-det",
    doi = "10.1088/1748-0221/16/02/P02027",
    journal = "JINST",
    volume = "16",
    number = "02",
    pages = "P02027",
    year = "2021"
}
@article{statcounts,
   url={https://indico.cern.ch/event/1011510/},


	author = { BRIL Ph2 Simulations Meeting},
	title = {"{Statistical precision and expected vdM statistical precision for Phase II luminometers}"},

}