
  title={Search for invisible decays of a Higgs boson produced through vector boson fusion in proton-proton collisions at s= 13 TeV},
  author={Sirunyan, Albert M and Tumasyan, Armen and Adam, Wolfgang and Ambrogi, Federico and Asilar, Ece and Bergauer, Thomas and Brandstetter, Johannes and Dragicevic, Marko and Er{\"o}, Janos and Del Valle, A Escalante and others},
  journal={Physics Letters B},
  volume={793},
  pages={520--551},
  year={2019},
  publisher={Elsevier}
}

@article{nishiwaki2014tth,
  title={ttH anomalous coupling in double Higgs production},
  author={Nishiwaki, Kenji and Niyogi, Saurabh and Shivaji, Ambresh},
  journal={Journal of High Energy Physics},
  volume={2014},
  number={4},
  pages={11},
  year={2014},
  publisher={Springer}
}

@article{sirunyan2018search,
  title={Search for tt  Htt  H production in the all-jet final state in proton-proton collisions at $\sqrt{s}$ = 13 TeV},
  author={Sirunyan, AM and Kapoor, A and Dube, S and Hedge, V and Kothekar, K and Chauhan, S and Pandey, S and Sharma, S and Rane, A and CMS Collaboration and others},
  year={2018},
  publisher={Springer Verlag}
}


@article{sirunyan2019search,
  title={Search for associated production of a Higgs boson and a single top quark in proton-proton collisions at $\sqrt{s}$ = 13 TeV},
  author={Sirunyan, Albert M and Tumasyan, Armen and Adam, Wolfgang and Ambrogi, Federico and Asilar, Ece and Bergauer, Thomas and Brandstetter, Johannes and Dragicevic, Marko and Er{\"o}, Janos and Del Valle, A Escalante and others},
  journal={Physical Review D},
  volume={99},
  number={9},
  pages={092005},
  year={2019},
  publisher={APS}
}


@article{choudhury2019search,
  title={Search for associated production of a Higgs boson and a single top quark in proton-proton collisions at $\sqrt{s}$ = 13 TeV},
  author={Choudhury, S and Komaragiri, JR},
  journal={Physical Review D},
  volume={99},
  number={9},
  year={2019},
  publisher={Physical Review D}
}


@article{cms2018combined,
  title={Combined measurements of Higgs boson couplings in proton-proton collisions at $$\backslash$sqrt $\{$s$\}$= $13 TeV},
  author={CMS collaboration and others},
  journal={arXiv preprint arXiv:1809.10733},
  year={2018}
}

@article{cms2018search,
  title={Search for $$\backslash$mathrm $\{$t$\backslash$overline $\{$t$\}$$\}$ $ H production in the H $$\backslash$rightarrow $$$\backslash$mathrm $\{$b$\backslash$overline $\{$b$\}$$\}$ $ decay channel with leptonic $$\backslash$mathrm $\{$t$\backslash$overline $\{$t$\}$$\}$ $ decays in proton-proton collisions at $$\backslash$sqrt $\{$s$\}$= $13 TeV},
  author={CMS Collaboration and others},
  journal={arXiv preprint arXiv:1804.03682},
  year={2018}
}

@article{cms2018observation,
  title={Observation of $$\backslash$mathrm $\{$t$\backslash$overline $\{$t$\}$$\}$ $ H production},
  author={CMS collaboration and others},
  journal={arXiv preprint arXiv:1804.02610},
  year={2018}
}

@article{Khachatryan_2016,
   title={Search for the associated production of a Higgs boson with a single top quark in proton-proton collisions at $ \sqrt{s}$ = 8 TeV},
   volume={2016},
   ISSN={1029-8479},
   url={http://dx.doi.org/10.1007/JHEP06(2016)177},
   DOI={10.1007/jhep06(2016)177},
   number={6},
   journal={Journal of High Energy Physics},
   publisher={Springer Science and Business Media LLC},
   author={Khachatryan, V. and Sirunyan, A. M. and Tumasyan, A. and Adam, W. and Asilar, E. and Bergauer, T. and Brandstetter, J. and Brondolin, E. and Dragicevic, M. and et al.},
   year={2016},
   month={Jun}
}


@article{Aad_2016,
   title={Measurements of the Higgs boson production and decay rates and constraints on its couplings from a combined ATLAS and CMS analysis of the LHC pp collision data at $ \sqrt{s}$ = 7 and 8 TeV},
   volume={2016},
   ISSN={1029-8479},
   url={http://dx.doi.org/10.1007/JHEP08(2016)045},
   DOI={10.1007/jhep08(2016)045},
   number={8},
   journal={Journal of High Energy Physics},
   publisher={Springer Nature},
   author={Aad, G. and Abbott, B. and Abdallah, J. and Abdinov, O. and Abeloos, B. and Aben, R. and AbouZeid, O. S. and Abraham, N. L. and Abramowicz, H. and et al.},
   year={2016},
   month={Aug}
}

@article{Reece:2012gi,
      author         = "Reece, Matthew",
      title          = "{Vacuum Instabilities with a Wrong-Sign Higgs-Gluon-Gluon
                        Amplitude}",
      journal        = "New J. Phys.",
      volume         = "15",
      year           = "2013",
      pages          = "043003",
      doi            = "10.1088/1367-2630/15/4/043003",
      eprint         = "1208.1765",
      archivePrefix  = "arXiv",
      primaryClass   = "hep-ph",
      SLACcitation   = "%%CITATION = ARXIV:1208.1765;%%"
}

@article{Aad:2012tfa,
      author         = "Aad, Georges and others",
      title          = "{Observation of a new particle in the search for the
                        Standard Model Higgs boson with the ATLAS detector at the
                        LHC}",
      collaboration  = "ATLAS",
      journal        = "Phys. Lett.",
      volume         = "B716",
      year           = "2012",
      pages          = "1-29",
      doi            = "10.1016/j.physletb.2012.08.020",
      eprint         = "1207.7214",
      archivePrefix  = "arXiv",
      primaryClass   = "hep-ex",
      reportNumber   = "CERN-PH-EP-2012-218",
      SLACcitation   = "%%CITATION = ARXIV:1207.7214;%%"
}


@article{Chatrchyan:2012xdj,
      author         = "Chatrchyan, Serguei and others",
      title          = "{Observation of a New Boson at a Mass of 125 GeV with the
                        CMS Experiment at the LHC}",
      collaboration  = "CMS",
      journal        = "Phys. Lett.",
      volume         = "B716",
      year           = "2012",
      pages          = "30-61",
      doi            = "10.1016/j.physletb.2012.08.021",
      eprint         = "1207.7235",
      archivePrefix  = "arXiv",
      primaryClass   = "hep-ex",
      reportNumber   = "CMS-HIG-12-028, CERN-PH-EP-2012-220",
      SLACcitation   = "%%CITATION = ARXIV:1207.7235;%%"
}


@article{Chatrchyan:2008aa,
      author         = "Chatrchyan, S. and others",
      title          = "{The CMS Experiment at the CERN LHC}",
      collaboration  = "CMS",
      journal        = "JINST",
      volume         = "3",
      year           = "2008",
      pages          = "S08004",
      doi            = "10.1088/1748-0221/3/08/S08004",
      SLACcitation   = "%%CITATION = JINST,3,S08004;%%"
}


@article{collaborations2019report,
  title={Report on the Physics at the HL-LHC and Perspectives for the HE-LHC},
  author={Collaborations, CMS and others},
  journal={arXiv preprint arXiv:1902.10229},
  year={2019}
}

@article{farina2013lifting,
  title={Lifting degeneracies in Higgs couplings using single top production in association with a Higgs boson},
  author={Farina, Marco and Grojean, Christophe and Maltoni, Fabio and Salvioni, Ennio and Thamm, Andrea},
  journal={Journal of High Energy Physics},
  volume={2013},
  number={5},
  pages={22},
  year={2013},
  publisher={Springer}
}





