@comment{x-kbibtex-encoding=utf-8}

@book{mppthomson,
	isbn = {978-1-107-03426-6},
	year = 2013,
	publisher = {Cambridge University Press},
	author = {Mark Thomson},
	title = {Modern Particle Physics}
}

@book{Griff,
	isbn = {978-3-527-40601-2},
	year = 2010,
	publisher = {Wiley-VCH},
	author = {David Griffiths},
	title = {Introduction to elementary particles}
}

@phdthesis{Lumvdm,
  title        = {Determination of the absolute luminosity at the LHC},
  author       = {Simon White},
  year         = 2010,
  month        = {October},
  school       = {University of Paris SUD 11},
  type         = {PhD thesis}
}

@article{Lum,
  title        = {Concept of luminosity},
  author      = {Wener Herr, Bruno Muratori},
  year         = 2006,
  journal =  "CAS - CERN Accelerator School: Intermediate Accelerator Physics",
  doi = "10.5170/CERN-2006-002.361",
  pages   = "361--378"
}

@article{LHC,
  title        = {Quantum Field theory and the electroweak Standard Model},
  author      = {A.B. Arbuzov},
  year         = 2018,
  doi          = {10.23730/CYRSP-2018-003.1}
}

@article{Lum,
  title        = {Concept of luminosity},
  author      = {Wener Herr, Bruno Muratori},
  year         = 2006,
  journal =  "CAS - CERN Accelerator School: Intermediate Accelerator Physics",
  doi = "10.5170/CERN-2006-002.361",
  pages   = "361--378"
}

@article{CMS1,
  title        = {The CMS experiment at the CERN LHC},
  author      = {The CMS collaboration et al},
  year         = 2008,
  journal = {Jinst}
}

@article{CMS2,
  title        = {The CMS Silicon Strip Tracker},
  author      = {S. Chatrchyan},
  year         = 2006,
  journal =  {Journal of physics conference Series 41},
  doi = "10.1088/1742-6596/41/1/011"
}

@article{CMS3,
  title        = {An overview of the CMS experiment for CERN guides },
  author      = {Dave Barney},
  year         = 2003,
}

@article{pxd,
  title        = {The CMS Phaces-1 Pixel Detector Upgrade},
  author      = {CMS Tracker Group of the CMS collaboration},
  year         = 2022,
  journal =  "JINST 16 (2021) P02027",
  doi = "10.1088/1748-0221/16/02/P02027",
}

@article{pxd2,
  title        = {Readout of the CMS pixel detector },
  author      = {D. Kotlinski, et al},
  year        = 2022,
  journal =  "JINST 16 (2021) P02027",
  doi = "10.1088/1748-0221/16/02/P02027"
}

@phdthesis{Vdm,
  title        = {Calibration of CMS luminometer using Van Der Meer and Emittance scans},
  author       = {Yusuf Can},
  year         = 2018,
  month        = {October},
  school       = {Bogazici University},
  type         = {PhD thesis}
}

@article{LHCII,
  title        = {The CERN accelerator complex},
  author      = {Esma Mobs},
  year         = 2019,
  month = {July}
}

@article{LHClum,
  title        = {Precision luminosity measurement in proton-proton collisions at 13.6TeV in 2022 at CMS},
  author      = {The CMS collaboration},
  year         = 2024,
  month = {March}
}

@article{LHClum2,
  title        = {CMS luminosity measurement for the 2017 data-taking period at 13TeV},
  author      = {The CMS collaboration},
  year         = 2018,
  month = {March}
}

@article{PCC1,
  title        = {CMS Luminosity Based on Pixel Cluster Counting -Summer 2012 Update},
  author      = {The CMS collaboration},
  year         = 2018,
  month = {March}
}

@article{PCC2,
  title        = {Luminosity measurement at CMS},
  author      = {The CMS collaboration},
  year         = 2018,
  month = {March}
}

@article{PCC3,
  title        = {Precision luminosity measurement in proton-protoncollisions at √s = 13 TeV in 2015 and 2016 at CMS},
  author      = {The CMS collaboration},
  year         = 2018,
  month = {March}
}

@article{datasets1,
  title        = {Dataset definition for CMS operations and physics analyses},
  author      = {Giovanni Franzoni, CMS Collaboration},
  year         = 2016,
  doi  = "https://doi.org/10.1016/j.nuclphysbps.2015.09.144"
  month = {June}
}

 @article{cluster1,
  title        = {Pixel Hit Reconstruction with the CMS Detector},
  author      = {G. Giurgiu, D. Fehling, P. Maksimovic, M. Swartz},
  year         = {2008},
  doi          = {10.48550/arXiv.0808.3804}
}

@article{cluster2,
  title        = {Description and performance of track and primary-vertex reconstruction with the CMS tracker},
  author      = {The CMS Collaboration},
  year         = 2014,
  doi  = "10.1088/1748-0221/9/10/P10009"
  month = {October}
}

@article{ghost,
  title        = {STUDY OF THE LHC GHOST CHARGE AND SATELLITE BUNCHES FOR LUMINOSITY CALIBRATION},
  author      = {A. Alici and othersl},
  year         = 2012,
  month = {July}
}

@article{beambeam,
  title        = {CORRECTION OF THE LONG-RANGE BEAM-BEAM EFFECT IN LHC USING ELECTRO-MAGNETIC LENSES},
  author      = {J. P. Koutchouk},
  year         = 2001
}

@article{pic2,
  title        = {Unitarity Bound on Extended Higgs Sector with Higher Dimensional Operator},
  author      = {Deepak},
  month = {09},
  year      = {2024},
  doi = {10.48550/arXiv.2409.05922}
}

@article{DOROS,
  title        = {First Operation Experience with the LHC Diode Orbit and OScillation (DOROS) system.},
  author      = {Gasior, et al.},
  year      = {2017},
  doi = {10.18429/JACow-IBIC2016-MOPG07}
}

@Inbook{lhcpic,
author = "Zinnser, Markus",
title = "The Large Hadron Collider",
bookTitle = "Search for New Heavy Charged Bosons and Measurement of High-Mass Drell-Yan Production in Proton-Proton Collisions",
year = {2018},
publisher = {Springer International Publishing},
doi = {10.1007/978-3-030-00650-1_4}
}

@Inbook{cmspic,
author = "{M{\"a}kel{\"a}, Toni}",
title = "LHC Measurements",
bookTitle = "Towards Global Interpretation of LHC DATA: SM and EFT Couplings from Jet and Top Quark Measurements at CMS",
year = {2023},
publisher = {Springer Nature Switzerland},
doi = {10.1007/978-3-031-29779-3_4}
}

@online{cmspic2,
title = {Supersymmetric Dark Matter Searches with CMS Data},
author = {CMS Collaboration},
year = {2019},
url = {https://www.researchgate.net/figure/The-calorimeters-of-each-layer-in-the-CMS-detector_fig5_338924428/}
}

@article{pxdpic,
  author       = {{CMS Collaboration}},
  title        = {Development of the CMS detector for the CERN LHC Run 3},
  journal      = {Journal of Instrumentation},
  year         = {2024},
  month        = may,
  doi          = {10.1088/1748-0221/19/05/P05064},
}

@Inbook{sensorpic,
  author    = "Hartmann, Frank",
  title     = "CMS: Increasing Size by 2 Orders of Magnitude",
  bookTitle = "Evolution of Silicon Sensor Technology in Particle Physics: Basics and Applications",
  year      = "2024",
  publisher = "Springer Nature Switzerland",
  address   = "Cham",
  pages     = "277--352",
  abstract  = "The Compact Muon Solenoid (CMS) operates at the Large Hadron Collider (LHC) at CERN.",
  isbn      = "978-3-031-59720-6",
  doi       = "10.1007/978-3-031-59720-6_7",
  url       = "https://doi.org/10.1007/978-3-031-59720-6_7"
}







