@comment{x-kbibtex-encoding=utf-8}

@BIBNOTE{griff,
  note = {Lyndon Evans and Philip Bryant, "LHC machine", \emph{Journal of Instrumentation}, 3(08):S08001â€“S08001, Aug 2008,{\fontfamily{qcr}\selectfont doi:10.1088/1748-0221/3/08/s08001}},
}

