@comment{x-kbibtex-encoding=utf-8}

@article{CMS-PAS-SMP-12-008,
	author = {{CMS Collaboration, “Absolute Calibration of the Luminosity Measurement at CMS: Winter 2012 Update”, 2012, CMS-PAS-SMP-12-008, https://cds.cern.ch/record/1434360.}}}


@article{Webb:2020875,
	author = {{S. N. Webb, “Factorisation of beams in van der Meer scans and measurements of the $\Phi$ $\sqrt{}$ distribution of Z -> e+ e− events in pp collisions at s = 8 TeV with the ATLAS  detector”. PhD thesis, University of Manchester, 2015.}}}

@article{LUM-20-002,
	author = {{CMS Collaboration, “Luminosity measurement for lead-lead collisions at $\sqrt{sNN}$ = 5.02TeVin2015and2018atCMS′′ , to be submitted to Eur. Phys. J. C.}}}
}

@article{CMS:2021xjt,
	author = {{CMS $\sqrt{}$ Collaboration, “Precision luminosity measurement in proton-proton collisions at s = 13 TeV in 2015 and 2016 at CMS”, Eur. Phys. J. C 81 (2021), no. 9, 800, doi:10.1140/epjc/s10052-021-09538-2, arXiv:2104.01927.}}}
}

@article{Major:2019gof,
	author = {{CMS Collaboration, “Studies of the factorisation of proton densities in van der Meer scans and its impact on precision luminosity measurements for CMS”, PoS EPS-HEP2019 (2020) 199, doi:10.22323/1.364.0199.}}}
}

@article{ThesisPMajor2024,
	author = {{P. Major, “Probing New Physics: Search for supersymmetry with Higgs particles and high-precision luminosity determination at the CMS experiment”. PhD thesis, ELTE  E\"{o}tv\"{o}s Loránd University, 2024. }}}
}


@article{LHC_DCCT_calibration,
	author = {{C. Barschel et al., “Results of the LHC DCCT calibration studies”, Technical Report 2349 CERN-ATS-Note-2012-026 PERF, 2012}}}
}


@article{BPM__electronics,
	author = {{M. Gasior, J. Olexa, and R. Steinhagen, “BPM electronics based on compensated diode detectors — results from development systems”, Conf. Proc. C1204151 (2012)}}}
}

@article{Pixel_Hit_Reconstruction,
	author = {{D. A. Giurgiu, "Pixel Hit Reconstruction with the CMS Detector", physics.ins-det \textbf{2}, 2008, arXiv:0808.3804}}
}

@article{CMS_Exp_2008,
    author = {{CMS Collaboration, "The CMS experiment at the CERN LHC", \textit{JINST} \textbf{3} S08004, 2008, doi: 10.1088/1748-0221/3/08/s08004}}
}

@article{beam_halo,
    author = {{S. Orfanelli et al, "A novel Beam Halo Monitor for the CMS experiment at the LHC", \textit{JINST} \textbf{10} P11011, 2015, doi: 10.1088/1748-0221/10/11/P11011}}
}

@book{thomson_2013, 
		author={{M. Thomson, \textit{Modern Particle Physics}, Cambridge University Press, New York, 2013}}
}

@book{griff,
      author  = {{D. Griffiths, \textit{Introduction to Elementary Particles; Second edition}, WILEY-VCH Verlag GmbH & Co. KGaA. Weinheim, Federal Republic of Germany, 2008}}
}


@article{Statistical_Data_Analysis,
      author = {{G. Cowan, \textit{Statistical Data Analysis}, Oxford University Press (Oxford Series), New York, NY, 1998}}
}


@article{ref_lib_vol3,
		author = {{S. Myers and H. Schopper, \textit{Particle Physics Reference Library, volume 3}, Springer, 2020, doi: https://doi.org/10.1007/978-3-030-34245-6}}
}


@article{undergraduate_accelerators_chapter,
author={{A. Belyaev and R. Douglas, \textit{The Basics of Nuclear and Particle Physics}, Springer (Undergraduate Texts in Physics Series), Switzerland, 2021,  doi: https://doi.org/10.1007/978-3-030-80116-8}}
}


@article{phase2_Upgrade,
      author = {{CMS Collaboration, "The Phase-2 Upgrade of the CMS Beam Radiation, Instrumentation, and Luminosity Detectors: Conceptual Design", CMS-NOTE-2019-008, 2020}}
}

@article{lumi_uncertainties,
      author = {{CMS Collaboration, "Measurement of inclusive W and Z boson production cross sections in pp collisions at $\sqrt{s}$ = 13 TeV", CMS Physics Analysis Summary CMS-PAS-SMP-15-004, 2015}}
}

@MISC{wikicern,
    author = {{Online resource: "CMS Luminosity - Public Results", 2023, URL https://twiki.cern.ch/twiki/bin/view/CMSPublic/LumiPublicResults }}
}


@MISC{LHC,
    author = {{Online article: "The Large Hadron Collider", 2023, URL https://home.cern/science /accelerators/large-hadron-collider}}
}

@MISC{luminosity_importance,
    author = {{P. Traczyk, Online article : "Why precision luminosity measurements matter", 2022, URL https://home.cern/news/news/physics/why-precision-luminosity-measurements-matter}}
}

@thesis{concept_of_luminosity,
      author        = {{W. Herr and B. Muratori, "Concept of Luminosity", CERN Document Server, 2016, doi : 	10.5170/CERN-2006-002.361}}}


@article{phase1_Pixel_Detector,
		author = {{W. Adam et al, "The CMS Phase-1 pixel detector upgrade", \textit{JINST} \textbf{16} P02027, 2021, doi: 10.1088/1748-0221/16/02/p02027}}
}

@article{Track_Reco_2014,
		author = {{CMS Collaboration, "Description and performance of track and primary-vertex reconstruction with the CMS tracker", \textit{JINST} \textbf{9} P10009, 2014, doi: 10.1088/1748-0221/9/10/p10009}}
}


@MISC{hl-lhc,
    	author = {{O. Aberle et al, "High-Luminosity Large Hadron Collider (HL-LHC): Technical design report", CERN-2020-010, 2020, doi: 10.23731/CYRM-2020-0010 [last actualization in URL https://hilumilhc.web.cern.ch/content/hl-lhc-project]}}
}

@MISC{ROOT,
    	author = {{ROOT Data Analysis Framework, "An open-source data analysis framework used by high energy physics and others, release 6.28/04, " URL https://root.cern}}
}

@MISC{PyROOT,
    	author = {{ROOT Data Analysis Framework, "Python interface: PyROOT, " URL https://root.cern/manual/python/}}
}

@MISC{HD5,
    	author = {{The HDF Group, "HDF5", Last Modified: June 23, 2023, "URL https://portal.hdfgroup.org/display/HDF5/HDF5}}
}

@article{det_summary,
	author = {{A.M. Sirunyan et al, "Particle-flow reconstruction and global event description with the CMS detector", \textit{JINST} \textbf{12} P10003, 2017, doi: 10.1088/1748-0221/12/10/p10003}
}


@MISC{lhc_complex,
    author = {{E. Halkiadakis and U. Rutgers, "Introduction to the LHC Experiments", May 2010, doi: 10.1142/9789814327183\_0009, arXiv: 1004.5564}}
}


@article{vdM_sketch,
    author = {{O. Karacheban, "Performance of the BRIL luminometers at CMS in Run 2", CMS Public Note CMS-CR-2019-140, 2019, doi: 10.22323/1.364.0194}}
}


@article{PCC_PAS_12_001,
      author = {{CMS Collaboration, "CMS Luminosity Based on Pixel Cluster Counting - Summer 2012 Update", CMS Physics Analysis Summary CMS-PAS-LUM-12-001, 2012}}
}


@article{lumi_precise_2015_2016,
	author = {{CMS Collaboration, "Precision luminosity measurement in proton-proton collisions at
$\sqrt{s}$ = 13 TeV in 2015 and 2016 at CMS, \textit{Eur. Phys. J. C} \textbf{81} 800, 2021, doi: 10.1140/epjc/s10052-021-09538-2, arXiv: 2104.01927}}
}


@article{pas_17,
      author = {{CMS Collaboration, "CMS luminosity measurement for the 2017 data-taking period at $\sqrt{s}$ = 13 TeV", CMS Physics Analysis Summary CMS-PAS-LUM-17-004, 2018}}
}


@article{pas_18,
      author = {{CMS Collaboration, "CMS luminosity measurement for the 2018 data-taking period at $\sqrt{s}$ = 13 TeV", CMS Physics Analysis Summary CMS-PAS-LUM-18-002, 2019}}
}


@article{bkg_source,
	author = {{S. Müller, "Simulation of beam-induced backgrounds in comparison with data from the {CMS} pixel and other inner radii detectors", \textit{Nuclear Instruments and Methods in Physics Research Section A} 650 \textbf{1}, 2011, doi: https://doi.org/10.1016/j.nima.2010.11.082}}
}

@article{LHC_bunch_populations,
      author = {{G. Anders et al., "Study of the relative LHC bunch populations for luminosity calibration", Technical Report CERN-ATS-Note-2012-028 PERF, 2012}}
}

@article{DCCT_calibration_studies,
      author = {{C. Barschel et al., "Results of the LHC DCCT calibration studies", Technical Report CERN-ATS-Note-2012-026 PERF, 2012}}
}

@article{BI_calibration,
      author = {{M. Klute, C. Medlock, and J. Salfeld-Nebgen, "Beam imaging and luminosity calibration", JINST 12 (2017) P03018, doi:10.1088/1748-0221/12/03/P03018, arXiv:1603.03566}}
}

@article{Measuring_luminosity,
      author = {{J. Knolle, "Measuring luminosity and the ttZ production cross section with the CMS experiment". PhD thesis, Universität Hamburg, 2020. CERN-THESIS-2020-185, DESY-THESIS-2020-020. doi:10.3204/PUBDB-2020-03187}}
}

@article{ghost_charge,
      author = {{A. Alici et al., "Study of the LHC ghost charge and satellite bunches for luminosity calibration.", CERN Internal Note CERN-ATS-Note-2012-029 PERF, 2012}}
}

@article{vertex,
      author = {{CMS collaboration, "Description and performance of track and primary-vertex reconstruction with the CMS tracker", \textit{JINST} \textbf{9}, doi: 10.1088/1748-0221/9/10/P10009, 2014}}
}


@BIBNOTE{lumi_motiv,
  note = {M.L. Mangano, Motivations and precision targets for an accurate luminosity determination at the LHC, \emph{CERN-Proceedings-2011-011}, \url{https://cds.cern.ch/record/1347440}},
}


@BIBNOTE{test1,
  note = {Smith, P \& Benn, J 2012, This is a freeform reference, {\fontfamily{qcr}\selectfont
This text uses a different font typeface doi:  \url{https://tex.stackexchange.com/questions/250997/is-there-a-free-format-entry-in-bibtex}} Panamanian Journal of Toenail Clippings, \url{https://tex.stackexchange.com/questions/250997/is-there-a-free-format-entry-in-bibtex}},
}
