@comment{x-kbibtex-encoding=utf-8}

@article{Herr:941318,
      author        = "Herr, Werner and Muratori, B",
      title         = "{Concept of luminosity}",
      year          = "2006",
      url           = "https://cds.cern.ch/record/941318",
      doi           = "10.5170/CERN-2006-002.361",
}


@techreport{Dainese:2703572,
      author        = "Dainese, Andrea and Mangano, Michelangelo and Meyer,
                       Andreas B and Nisati, Aleandro and Salam, Gavin and
                       Vesterinen, Mika Anton",
      title         = "{Report on the Physics at the HL-LHC, and Perspectives for
                       the HE-LHC}",
      reportNumber  = "CERN-2019-007",
      address       = "Geneva, Switzerland",
      year          = "2019",
      url           = "https://cds.cern.ch/record/2703572",
      doi           = "10.23731/CYRM-2019-007",
}


@article{CMS:2008xjf,
    author = "Chatrchyan, S. and others",
    collaboration = "CMS",
    title = "{The CMS Experiment at the CERN LHC}",
    doi = "10.1088/1748-0221/3/08/S08004",
    journal = "JINST",
    volume = "3",
    pages = "S08004",
    year = "2008",
    url = "https://cds.cern.ch/record/1129810",
}




@techreport{CMS-PAS-EWK-10-004,
      collaboration = "CMS",
      title         = "{Measurement of CMS Luminosity }",
      institution   = "CERN",
      reportNumber  = "CMS-PAS-EWK-10-004",
      address       = "1900. Geneva",
      year          = "1900",
      url           = "https://cds.cern.ch/record/1279145",
}


@techreport{CMS-PAS-EWK-11-001,
      collaboration = "CMS",
      title         = "{Absolute Calibration of Luminosity Measurement at CMS:
                       Summer 2011 Update}",
      institution   = "CERN",
      reportNumber  = "CMS-PAS-EWK-11-001",
      address       = "Geneva",
      year          = "2011",
      url           = "https://cds.cern.ch/record/1376102",
}



@techreport{CMS-PAS-LUM-13-001,
      collaboration = "CMS",
      title         = "{CMS Luminosity Based on Pixel Cluster Counting - Summer
                       2013 Update}",
      institution   = "CERN",
      reportNumber  = "CMS-PAS-LUM-13-001",
      address       = "Geneva",
      year          = "2013",
      url           = "https://cds.cern.ch/record/1598864",
}





@article{Sirunyan:2759951,
      collaboration = "CMS",
      title         = "{Precision luminosity measurement in proton-proton
                       collisions at $\sqrt{s} =$ 13 TeV in 2015 and 2016 at CMS}",
      archivePrefix = "arXiv",
      eprint        = "2104.01927",
      reportNumber  = "CMS-LUM-17-003, CERN-EP-2021-033, CMS-LUM-17-003-003",
      journal       = "Eur. Phys. J. C",
      volume        = "81",
      number        = "9",
      pages         = "800",
      year          = "2021",
      url           = "https://cds.cern.ch/record/2759951",
      doi           = "10.1140/epjc/s10052-021-09538-2",
}





@article{Sirunyan:2759951,
      author        = "Sirunyan, Albert M and Tumasyan, et al.",
      collaboration = "CMS",
      title         = "{Precision luminosity measurement in proton-proton
                       collisions at $\sqrt{s} =$ 13 TeV in 2015 and 2016 at CMS}",
      archivePrefix = "arXiv",
      eprint        = "2104.01927",
      reportNumber  = "CMS-LUM-17-003, CERN-EP-2021-033, CMS-LUM-17-003-003",
      journal       = "Eur. Phys. J. C",
      volume        = "81",
      number        = "9",
      pages         = "800",
      year          = "2021",
      url           = "https://cds.cern.ch/record/2759951",
      note          = "Replaced with the published version. Added the journal
                       reference and
 the DOI. All the figures and tables can be
                       found at

                       http://cms-results.web.cern.ch/cms-results/public-results/publications/LUM-17-003

                       (CMS Public Pages)",
      doi           = "10.1140/epjc/s10052-021-09538-2",
}




@techreport{CMS-PAS-LUM-18-002,
      collaboration = "CMS",
      title         = "{CMS luminosity measurement for the 2018 data-taking
                       period at $\sqrt{s} = 13~\mathrm{TeV}$}",
      institution   = "CERN",
      reportNumber  = "CMS-PAS-LUM-18-002",
      address       = "Geneva",
      year          = "2019",
      url           = "https://cds.cern.ch/record/2676164",
}





@techreport{CMS-PAS-SMP-12-008,
      collaboration = "CMS",
      title         = "{Absolute Calibration of the Luminosity Measurement at
                       CMS: Winter 2012 Update}",
      institution   = "CERN",
      reportNumber  = "CMS-PAS-SMP-12-008",
      address       = "Geneva",
      year          = "2012",
      url           = "https://cds.cern.ch/record/1434360",
}


@article{Lujan:2017kvh,
    author = "Lujan, Paul",
    editor = "Checchia, Paolo and others",
    collaboration = "CMS",
    title = "{Performance of the Pixel Luminosity Telescope for Luminosity Measurement at CMS during Run2}",
    reportNumber = "CMS-CR-2017-347",
    doi = "10.22323/1.314.0504",
    journal = "PoS",
    volume = "EPS-HEP2017",
    pages = "504",
    year = "2017"
}



@techreport{Ayala:2861814,
      author        = "Ayala, Edy and et al.",
      collaboration = "CMSBRIL",
      title         = "{The Pixel Luminosity Telescope: A detector for luminosity
                       measurement at CMS using silicon pixel sensors}",
      archivePrefix = "arXiv",
      eprint        = "2206.08870",
      reportNumber  = "CMS-NOTE-2022-007, CMS-DN-21-008",
      year          = "2022",
      url           = "https://cds.cern.ch/record/2861814",
      note          = "Accepted by Eur. Phys. J. C. Updated version with final
                       author list",
}


@techreport{CMS-DP-2013-003,
    title = "{Luminosity Measurement Using the Beam Condition Monitor for the CMS Experiment at the LHC}",
    author = {{CMS Collaboration}},
    year = {2013},
    type = {CMS Detector Performance},
    number = {CMS-DP-2013-003},
    url = {https://cds.cern.ch/record/1558529},
}


@article{CMS-PAS-LUM-15-001,
    title = "{Measurement of Luminosity using the CMS Hadron Forward Calorimeters in pp Collisions at $\sqrt{s} = 13$ TeV}",
    author = {{CMS Collaboration}},
    year = {2015},
    journal = {CMS Physics Analysis Summary},
    number = {CMS-PAS-LUM-15-001},
    url = {https://cds.cern.ch/record/2041834},
}



@article{Chatrchyan:2008aa,
    author = {Chatrchyan, S. and others},
    title = {The CMS experiment at the CERN LHC},
    collaboration = {CMS Collaboration},
    journal = {JINST},
    volume = {3},
    year = {2008},
    pages = {S08004},
    doi = {10.1088/1748-0221/3/08/S08004},
    eprint = {0803.0219},
    archivePrefix = {arXiv},
    primaryClass = {physics.ins-det}
}

@article{Chatrchyan:2013sba,
    author = {Chatrchyan, S. and others},
    title = "{Performance of CMS Muon Reconstruction in $pp$ Collision Events at $\sqrt{s}=7$ TeV}",
    collaboration = {CMS Collaboration},
    journal = {JINST},
    volume = {8},
    year = {2013},
    pages = {P11002},
    doi = {10.1088/1748-0221/8/11/P11002},
    eprint = {1306.6905},
    archivePrefix = {arXiv},
    primaryClass = {physics.ins-det}
}


@article{Adam:2748381,
     author = "Adam, W. and Bergauer, et al.",
     collaboration = "CMSTrackerGroupoftheCMS",
     title = "{The CMS Phase-1 Pixel Detector Upgrade}",
     archivePrefix = "arXiv", eprint = "2012.14304",
     journal = "JINST",
     volume = "16",
     number = "02",
     pages = "P02027",
     year = "2021",
     url = "https://cds.cern.ch/record/2748381",
     doi = "10.1088/1748-0221/16/02/P02027",
     }


@techreport{CMS-PAS-LUM-16-001,
      collaboration = "CMS",
      title         = "{CMS Luminosity Calibration for the pp Reference Run at
                       $\sqrt{s}=5.02~\mathrm{TeV}$}",
      institution   = "CERN",
      reportNumber  = "CMS-PAS-LUM-16-001",
      address       = "Geneva",
      year          = "2016",
      url           = "https://cds.cern.ch/record/2235781",
}



@techreport{CMS-PAS-LUM-15-001,
      collaboration = "CMS",
      title         = "{CMS luminosity measurement for the 2015 data-taking
                       period}",
      institution   = "CERN",
      reportNumber  = "CMS-PAS-LUM-15-001",
      address       = "Geneva",
      year          = "2017",
      url           = "https://cds.cern.ch/record/2138682",
}




@techreport{vanderMeer1968,
    author = {van der Meer, S.},
    title = "{Calibration of the Effective Beam Height in the ISR}",
    institution = {CERN},
    year = {1968},
    number = {CERN-ISR-PO/68-31},
    address = {Geneva},
}




@techreport{CMS-PAS-LUM-17-004,
      collaboration = "CMS",
      title         = "{CMS luminosity measurement for the 2017 data-taking
                       period at $\sqrt{s} = 13~\mathrm{TeV}$}",
      institution   = "CERN",
      reportNumber  = "CMS-PAS-LUM-17-004",
      address       = "Geneva",
      year          = "2018",
      url           = "https://cds.cern.ch/record/2621960",
}


@thesis{Cekmecelioglu:2775639,
      author        = "Cekmecelioglu, Yusuf Can",
      title         = "{Calibration of CMS Luminometers Using van der Meer and
                       Emittance Scans. Van der Meer ve Emitans Ölçümlerini
                       Kullanarak CMS Luminosite Dedektörlerinin Kalibrasyonu}",
      year          = "2021",
      url           = "https://cds.cern.ch/record/2775639",
}



@misc{CERNLumiPublicResults,
  author = {CERN},
  title = {{LumiPublicResults: Summary proton-proton collisions}},
  year = {Accessed: 2023},
  url = {https://twiki.cern.ch/twiki/bin/view/CMSPublic/LumiPublicResults#Summary_proton_proton_collisions}
}




@misc{CERNDAS,
  author = {CERN},
  title = {{Data Aggregation System (DAS)}},
  year = {Accessed: 2023},
  url = {https://cmsweb.cern.ch/das/}
}



@techreport{CMS-PAS-LUM-18-002,
      collaboration = "CMS",
      title         = "{CMS luminosity measurement for the 2018 data-taking
                       period at $\sqrt{s} = 13~\mathrm{TeV}$}",
      institution   = "CERN",
      reportNumber  = "CMS-PAS-LUM-18-002",
      address       = "Geneva",
      year          = "2019",
      url           = "https://cds.cern.ch/record/2676164",
}




@misc{CMSReleaseNotes,
  author = {CERN},
  title = {{CMS Software and Computing: Release Notes}},
  year = {Accessed: 2023},
  url = {https://cmssdt.cern.ch/SDT/ReleaseNotes/}
}



@misc{CMSWorkBook,
  author = {CERN},
  title = {{CMS Public Wiki: WorkBook}},
  year = {Accessed: 2023},
  url = {https://twiki.cern.ch/twiki/bin/view/CMSPublic/WorkBook}
}




@misc{ROOT,
  author = {Brun, Rene and Rademakers, Fons},
  title = {ROOT: An object oriented data analysis framework},
  howpublished = {Nucl. Instrum. Meth. A389 (1997) 81-86, See also https://root.cern.ch/},
  year = {1997},
  url = {https://root.cern.ch/}
}



@misc{CMSLuminosityCalculationGuide,
  author = {CERN},
  title = {{CMS Guide to Luminosity Calculation}},
  year = {Accessed: 2023},
  url = {https://opendata.cern.ch/docs/cms-guide-luminosity-calculation}
}


%ko and  I Marfin and  V Mossolov and  N Shumeiko and  A Solin and  R Stefanovitch and  J Suarez Gonzalez and  A Tikhonov and  A Fedorov and  M Korzhik and  O Missevitch and  R Zuyeuski and  W Beaumont and  M Cardaci and  E De Langhe and  E A De Wolf and  E Delmeire and  S Ochesanu and  M Tasevsky and  P Van Mechelen and  J D'Hondt and  S De Weirdt and  O Devroede and  R Goorens and  S Hannaert and  J Heyninck and  J Maes and  M U Mozer and  S Tavernier and  W Van Doninck and  L Van Lancker and  P Van Mulders and  I Villella and  C Wastiels and  C Yu and  O Bouhali and  O Charaf and  B Clerbaux and  P De Harenne and  G De Lentdecker and  J P Dewulf and  S Elgammal and  R Gindroz and  G H Hammad and  T Mahmoud and  L Neukermans and  M Pins and  R Pins and  S Rugovac and  J Stefanescu and  V Sundararajan and  C Vander Velde and  P Vanlaer and  J Wickens and  M Tytgat and  S Assouak and  J L Bonnet and  G Bruno and  J Caudron and  B De Callatay and  J De Favereau De Jeneret and  S De Visscher and  P Demin and  D Favart and  C Felix and  B Florins and  E Forton and  A Giammanco and  G Grégoire and  M Jonckman and  D Kcira and  T Keutgen and  V Lemaitre and  D Michotte and  O Militaru and  S Ovyn and  T Pierzchala and  K Piotrzkowski and  V Roberfroid and  X Rouby and  N Schul and  O Van der Aa and  N Beliy and  E Daubie and  P Herquet and  G Alves and  M E Pol and  M H G Souza and  M Vaz and  D De Jesus Damiao and  V Oguri and  A Santoro and  A Sznajder and  E De Moraes Gregores and  R L Iope and  S F Novaes and  T Tomei and  T Anguelov and  G Antchev and  I Atanasov and  J Damgov and  N Darmenov and  L Dimitrov and  V Genchev and  P Iaydjiev and  A Marinov and  S Piperov and  S Stoykova and  G Sultanov and  R Trayanov and  I Vankov and  C Cheshkov and  A Dimitrov and  M Dyulendarova and  I Glushkov and  V Kozhuharov and  L Litov and  M Makariev and  E Marinova and  S Markov and  M Mateev and  I Nasteva and  B Pavlov and  P Petev and  P Petkov and  V Spassov and  Z Toteva and  V Velev and  V Verguilov and  J G Bian and  G M Chen and  H S Chen and  M Chen and  C H Jiang and  B Liu and  X Y Shen and  H S Sun and  J Tao and  J Wang and  M Yang and  Z Zhang and  W R Zhao and  H L Zhuang and  Y Ban and  J Cai and  Y C Ge and  S Liu and  H T Liu and  L Liu and  S J Qian and  Q Wang and  Z H Xue and  Z C Yang and  Y L Ye and  J Ying and  P J Li and  J Liao and  Z L Xue and  D S Yan and  H Yuan and  C A Carrillo Montoya and  J C Sanabria and  N Godinovic and  I Puljak and  I Soric and  Z Antunovic and  M Dzelalija and  K Marasovic and  V Brigljevic and  K Kadija and  S Morovic and  R Fereos and  C Nicolaou and  A Papadakis and  F Ptochos and  P A Razis and  D Tsiakkouri and  Z Zinonos and  A Hektor and  M Kadastik and  K Kannike and  E Lippmaa and  M Müntel and  M Raidal and  L Rebane and  P A Aarnio and  E Anttila and  K Banzuzi and  P Bulteau and  S Czellar and  N Eiden and  C Eklund and  P Engstrom and  A Heikkinen and  A Honkanen and  J Härkönen and  V Karimäki and  H M Katajisto and  R Kinnunen and  J Klem and  J Kortesmaa and  M Kotamäki and  A Kuronen and  T Lampén and  K Lassila-Perini and  V Lefébure and  S Lehti and  T Lindén and  P R Luukka and  S Michal and  F Moura Brigido and  T Mäenpää and  T Nyman and  J Nystén and  E Pietarinen and  K Skog and  K Tammi and  E Tuominen and  J Tuominiemi and  D Ungaro and  T P Vanhala and  L Wendland and  C Williams and  M Iskanius and  A Korpela and  G Polese and  T Tuuva and  G Bassompierre and  A Bazan and  P Y David and  J Ditta and  G Drobychev and  N Fouque and  J P Guillaud and  V Hermel and  A Karneyeu and  T Le Flour and  S Lieunard and  M Maire and  P Mendiburu and  P Nedelec and  J P Peigneux and  M Schneegans and  D Sillou and  J P Vialle and  M Anfreville and  J P Bard and  P Besson and  E Bougamont and  M Boyer and  P Bredy and  R Chipaux and  M Dejardin and  D Denegri and  J Descamps and  B Fabbro and  J L Faure and  S Ganjour and  F X Gentit and  A Givernaud and  P Gras and  G Hamel de Monchenault and  P Jarry and  C Jeanney and  F Kircher and  M C Lemaire and  Y Lemoigne and  B Levesy and  E Locci and  J P Lottin and  I Mandjavidze and  M Mur and  J P Pansart and  A Payn and  J Rander and  J M Reymond and  J Rolquin and  F Rondeaux and  A Rosowsky and  J Y A Rousse and  Z H Sun and  J Tartas and  A Van Lysebetten and  P Venault and  P Verrecchia and  M Anduze and  J Badier and  S Baffioni and  M Bercher and  C Bernet and  U Berthon and  J Bourotte and  A Busata and  P Busson and  M Cerutti and  D Chamont and  C Charlot and  C Collard and  A Debraine and  D Decotigny and  L Dobrzynski and  O Ferreira and  Y Geerebaert and  J Gilly and  C Gregory and  L Guevara Riveros and  M Haguenauer and  A Karar and  B Koblitz and  D Lecouturier and  A Mathieu and  G Milleret and  P Miné and  P Paganini and  P Poilleux and  N Pukhaeva and  N Regnault and  T Romanteau and  I Semeniouk and  Y Sirois and  C Thiebaux and  J C Vanel and  A Zabi and  J L Agram and  A Albert and  L Anckenmann and  J Andrea and  F Anstotz and  A M Bergdolt and  J D Berst and  R Blaes and  D Bloch and  J M Brom and  J Cailleret and  F Charles and  E Christophel and  G Claus and  J Coffin and  C Colledani and  J Croix and  E Dangelser and  N Dick and  F Didierjean and  F Drouhin and  W Dulinski and  J P Ernenwein and  R Fang and  J C Fontaine and  G Gaudiot and  W Geist and  D Gelé and  T Goeltzenlichter and  U Goerlach and  P Graehling and  L Gross and  C Guo Hu and  J M Helleboid and  T Henkes and  M Hoffer and  C Hoffmann and  J Hosselet and  L Houchu and  Y Hu and  D Huss and  C Illinger and  F Jeanneau and  P Juillot and  T Kachelhoffer and  M R Kapp and  H Kettunen and  L Lakehal Ayat and  A C Le Bihan and  A Lounis and  C Maazouzi and  V Mack and  P Majewski and  D Mangeol and  J Michel and  S Moreau and  C Olivetto and  A Pallarès and  Y Patois and  P Pralavorio and  C Racca and  Y Riahi and  I Ripp-Baudot and  P Schmitt and  J P Schunck and  G Schuster and  B Schwaller and  M H Sigward and  J L Sohler and  J Speck and  R Strub and  T Todorov and  R Turchetta and  P Van Hove and  D Vintache and  A Zghiche and  M Ageron and  J E Augustin and  C Baty and  G Baulieu and  M Bedjidian and  J Blaha and  A Bonnevaux and  G Boudoul and  P Brunet and  E Chabanat and  E C Chabert and  R Chierici and  V Chorowicz and  C Combaret and  D Contardo and  R Della Negra and  P Depasse and  O Drapier and  M Dupanloup and  T Dupasquier and  H El Mamouni and  N Estre and  J Fay and  S Gascon and  N Giraud and  C Girerd and  G Guillot and  R Haroutunian and  B Ille and  M Lethuillier and  N Lumb and  C Martin and  H Mathez and  G Maurelli and  S Muanza and  P Pangaud and  S Perries and  O Ravat and  E Schibler and  F Schirra and  G Smadja and  S Tissot and  B Trocme and  S Vanzetto and  J P Walder and  Y Bagaturia and  D Mjavia and  A Mzhavia and  Z Tsamalaidze and  V Roinishvili and  R Adolphi and  G Anagnostou and  R Brauer and  W Braunschweig and  H Esser and  L Feld and  W Karpinski and  A Khomich and  K Klein and  C Kukulies and  K Lübelsmeyer and  J Olzem and  A Ostaptchouk and  D Pandoulas and  G Pierschel and  F Raupach and  S Schael and  A Schultz von Dratzig and  G Schwering and  R Siedling and  M Thomas and  M Weber and  B Wittmer and  M Wlochal and  F Adamczyk and  A Adolf and  G Altenhöfer and  S Bechstein and  S Bethke and  P Biallass and  O Biebel and  M Bontenackels and  K Bosseler and  A Böhm and  M Erdmann and  H Faissner and  B Fehr and  H Fesefeldt and  G Fetchenhauer and  J Frangenheim and  J H Frohn and  J Grooten and  T Hebbeker and  S Hermann and  E Hermens and  G Hilgers and  K Hoepfner and  C Hof and  E Jacobi and  S Kappler and  M Kirsch and  P Kreuzer and  R Kupper and  H R Lampe and  D Lanske and  R Mameghani and  A Meyer and  S Meyer and  T Moers and  E Müller and  R Pahlke and  B Philipps and  D Rein and  H Reithler and  W Reuter and  P Rütten and  S Schulz and  H Schwarthoff and  W Sobek and  M Sowa and  T Stapelberg and  H Szczesny and  H Teykal and  D Teyssier and  H Tomme and  W Tomme and  M Tonutti and  O Tsigenov and  J Tutas and  J Vandenhirtz and  H Wagner and  M Wegner and  C Zeidler and  F Beissel and  M Davids and  M Duda and  G Flügge and  M Giffels and  T Hermanns and  D Heydhausen and  S Kalinin and  S Kasselmann and  G Kaussen and  T Kress and  A Linn and  A Nowack and  L Perchalla and  M Poettgens and  O Pooth and  P Sauerland and  A Stahl and  D Tornier and  M H Zoeller and  U Behrens and  K Borras and  A Flossdorf and  D Hatton and  B Hegner and  M Kasemann and  R Mankel and  A Meyer and  J Mnich and  C Rosemann and  C Youngman and  W D Zeuner and  F Bechtel and  P Buhmann and  E Butz and  G Flucke and  R H Hamdorf and  U Holm and  R Klanner and  U Pein and  N Schirm and  P Schleper and  G Steinbrück and  R Van Staa and  R Wolf and  B Atz and  T Barvich and  P Blüm and  F Boegelspacher and  H Bol and  Z Y Chen and  S Chowdhury and  W De Boer and  P Dehm and  G Dirkes and  M Fahrer and  U Felzmann and  M Frey and  A Furgeri and  E Gregoriev and  F Hartmann and  F Hauler and  S Heier and  K Kärcher and  B Ledermann and  S Mueller and  Th Müller and  D Neuberger and  C Piasecki and  G Quast and  K Rabbertz and  A Sabellek and  A Scheurer and  F P Schilling and  H J Simonis and  A Skiba and  P Steck and  A Theel and  W H Thümmel and  A Trunov and  A Vest and  T Weiler and  C Weiser and  S Weseler and  V Zhukov and  M Barone and  G Daskalakis and  N Dimitriou and  G Fanourakis and  C Filippidis and  T Geralis and  C Kalfas and  K Karafasoulis and  A Koimas and  A Kyriakis and  S Kyriazopoulou and  D Loukas and  A Markou and  C Markou and  N Mastroyiannopoulos and  C Mavrommatis and  J Mousa and  I Papadakis and  E Petrakou and  I Siotis and  K Theofilatos and  S Tzamarias and  A Vayaki and  G Vermisoglou and  A Zachariadou and  L Gouskos and  G Karapostoli and  P Katsas and  A Panagiotou and  C Papadimitropoulos and  X Aslanoglou and  I Evangelou and  P Kokkas and  N Manthos and  I Papadopoulos and  F A Triantis and  G Bencze and  L Boldizsar and  G Debreczeni and  C Hajdu and  P Hidas and  D Horvath and  P Kovesarki and  A Laszlo and  G Odor and  G Patay and  F Sikler and  G Veres and  G Vesztergombi and  P Zalan and  A Fenyvesi and  J Imrek and  J Molnar and  D Novak and  J Palinkas and  G Szekely and  N Beni and  A Kapusi and  G Marian and  B Radics and  P Raics and  Z Szabo and  Z Szillasi and  Z L Trocsanyi and  G Zilizi and  H S Bawa and  S B Beri and  V Bhandari and  V Bhatnagar and  M Kaur and  J M Kohli and  A Kumar and  B Singh and  J B Singh and  S Arora and  S Bhattacharya and  S Chatterji and  S Chauhan and  B C Choudhary and  P Gupta and  M Jha and  K Ranjan and  R K Shivpuri and  A K Srivastava and  R K Choudhury and  D Dutta and  M Ghodgaonkar and  S Kailas and  S K Kataria and  A K Mohanty and  L M Pant and  P Shukla and  A Topkar and  T Aziz and  Sunanda Banerjee and  S Bose and  S Chendvankar and  P V Deshpande and  M Guchait and  A Gurtu and  M Maity and  G Majumder and  K Mazumdar and  A Nayak and  M R Patil and  S Sharma and  K Sudhakar and  B S Acharya and  Sudeshna Banerjee and  S Bheesette and  S Dugad and  S D Kalmani and  V R Lakkireddi and  N K Mondal and  N Panyam and  P Verma and  H Arfaei and  M Hashemi and  M Mohammadi Najafabadi and  A Moshaii and  S Paktinat Mehdiabadi and  M Felcini and  M Grunewald and  K Abadjiev and  M Abbrescia and  L Barbone and  P Cariola and  F Chiumarulo and  A Clemente and  A Colaleo and  D Creanza and  N De Filippis and  M De Palma and  G De Robertis and  G Donvito and  R Ferorelli and  L Fiore and  M Franco and  D Giordano and  R Guida and  G Iaselli and  N Lacalamita and  F Loddo and  G Maggi and  M Maggi and  N Manna and  B Marangelli and  M S Mennea and  S My and  S Natali and  S Nuzzo and  G Papagni and  C Pinto and  A Pompili and  G Pugliese and  A Ranieri and  F Romano and  G Roselli and  G Sala and  G Selvaggi and  L Silvestris and  P Tempesta and  R Trentadue and  S Tupputi and  G Zito and  G Abbiendi and  W Bacchi and  C Battilana and  A C Benvenuti and  M Boldini and  D Bonacorsi and  S Braibant-Giacomelli and  V D Cafaro and  P Capiluppi and  A Castro and  F R Cavallo and  C Ciocca and  G Codispoti and  M Cuffiani and  I D'Antone and  G M Dallavalle and  F Fabbri and  A Fanfani and  S Finelli and  P Giacomelli and  V Giordano and  M Giunta and  C Grandi and  M Guerzoni and  L Guiducci and  S Marcellini and  G Masetti and  A Montanari and  F L Navarria and  F Odorici and  A Paolucci and  G Pellegrini and  A Perrotta and  A M Rossi and  T Rovelli and  G P Siroli and  G Torromeo and  R Travaglini and  G P Veronese and  S Albergo and  M Chiorboli and  S Costa and  M Galanti and  G Gatto Rotondo and  N Giudice and  N Guardone and  F Noto and  R Potenza and  M A Saizu and  G Salemi and  C Sutera and  A Tricomi and  C Tuve and  L Bellucci and  M Brianzi and  G Broccolo and  E Catacchini and  V Ciulli and  C Civinini and  R D'Alessandro and  E Focardi and  S Frosali and  C Genta and  G Landi and  P Lenzi and  A Macchiolo and  F Maletta and  F Manolescu and  C Marchettini and  L Masetti and  S Mersi and  M Meschini and  C Minelli and  S Paoletti and  G Parrini and  E Scarlini and  G Sguazzoni and  L Benussi and  M Bertani and  S Bianco and  M Caponero and  D Colonna and  L Daniello and  F Fabbri and  F Felli and  M Giardoni and  A La Monaca and  B Ortenzi and  M Pallotta and  A Paolozzi and  C Paris and  L Passamonti and  D Pierluigi and  B Ponzio and  C Pucci and  A Russo and  G Saviano and  P Fabbricatore and  S Farinon and  M Greco and  R Musenich and  S Badoer and  L Berti and  M Biasotto and  S Fantinel and  E Frizziero and  U Gastaldi and  M Gulmini and  F Lelli and  G Maron and  S Squizzato and  N Toniolo and  S Traldi and  S Banfi and  R Bertoni and  M Bonesini and  L Carbone and  G B Cerati and  F Chignoli and  P D'Angelo and  A De Min and  P Dini and  F M Farina and  F Ferri and  P Govoni and  S Magni and  M Malberti and  S Malvezzi and  R Mazza and  D Menasce and  V Miccio and  L Moroni and  P Negri and  M Paganoni and  D Pedrini and  A Pullia and  S Ragazzi and  N Redaelli and  M Rovere and  L Sala and  S Sala and  R Salerno and  T Tabarelli de Fatis and  V Tancini and  S Taroni and  A Boiano and  F Cassese and  C Cassese and  A Cimmino and  B D'Aquino and  L Lista and  D Lomidze and  P Noli and  P Paolucci and  G Passeggio and  D Piccolo and  L Roscilli and  C Sciacca and  A Vanzanella and  P Azzi and  N Bacchetta and  L Barcellan and  M Bellato and  M Benettoni and  D Bisello and  E Borsato and  A Candelori and  R Carlin and  L Castellani and  P Checchia and  L Ciano and  A Colombo and  E Conti and  M Da Rold and  F Dal Corso and  M De Giorgi and  M De Mattia and  T Dorigo and  U Dosselli and  C Fanin and  G Galet and  F Gasparini and  U Gasparini and  A Giraldo and  P Giubilato and  F Gonella and  A Gresele and  A Griggio and  P Guaita and  A Kaminskiy and  S Karaevskii and  V Khomenkov and  D Kostylev and  S Lacaprara and  I Lazzizzera and  I Lippi and  M Loreti and  M Margoni and  R Martinelli and  S Mattiazzo and  M Mazzucato and  A T Meneguzzo and  L Modenese and  F Montecassiano and  A Neviani and  M Nigro and  A Paccagnella and  D Pantano and  A Parenti and  M Passaseo and  R Pedrotta and  M Pegoraro and  G Rampazzo and  S Reznikov and  P Ronchese and  A Sancho Daponte and  P Sartori and  I Stavitskiy and  M Tessaro and  E Torassa and  A Triossi and  S Vanini and  S Ventura and  L Ventura and  M Verlato and  M Zago and  F Zatti and  P Zotto and  G Zumerle and  P Baesso and  G Belli and  U Berzano and  S Bricola and  A Grelli and  G Musitelli and  R Nardò and  M M Necchi and  D Pagano and  S P Ratti and  C Riccardi and  P Torre and  A Vicini and  P Vitulo and  C Viviani and  D Aisa and  S Aisa and  F Ambroglini and  M M Angarano and  E Babucci and  D Benedetti and  M Biasini and  G M Bilei and  S Bizzaglia and  M T Brunetti and  B Caponeri and  B Checcucci and  R Covarelli and  N Dinu and  L Fanò and  L Farnesini and  M Giorgi and  P Lariccia and  G Mantovani and  F Moscatelli and  D Passeri and  A Piluso and  P Placidi and  V Postolache and  R Santinelli and  A Santocchia and  L Servoli and  D Spiga and  P Azzurri and  G Bagliesi and  G Balestri and  A Basti and  R Bellazzini and  L Benucci and  J Bernardini and  L Berretta and  S Bianucci and  T Boccali and  A Bocci and  L Borrello and  F Bosi and  F Bracci and  A Brez and  F Calzolari and  R Castaldi and  U Cazzola and  M Ceccanti and  R Cecchi and  C Cerri and  A S Cucoanes and  R Dell'Orso and  D Dobur and  S Dutta and  F Fiori and  L Foà and  A Gaggelli and  S Gennai and  A Giassi and  S Giusti and  D Kartashov and  A Kraan and  L Latronico and  F Ligabue and  S Linari and  T Lomtadze and  G A Lungu and  G Magazzu and  P Mammini and  F Mariani and  G Martinelli and  M Massa and  A Messineo and  A Moggi and  F Palla and  F Palmonari and  G Petragnani and  G Petrucciani and  A Profeti and  F Raffaelli and  D Rizzi and  G Sanguinetti and  S Sarkar and  G Segneri and  D Sentenac and  A T Serban and  A Slav and  P Spagnolo and  G Spandre and  R Tenchini and  S Tolaini and  G Tonelli and  A Venturi and  P G Verdini and  M Vos and  L Zaccarelli and  S Baccaro and  L Barone and  A Bartoloni and  B Borgia and  G Capradossi and  F Cavallari and  A Cecilia and  D D'Angelo and  I Dafinei and  D Del Re and  E Di Marco and  M Diemoz and  G Ferrara and  C Gargiulo and  S Guerra and  M Iannone and  E Longo and  M Montecchi and  M Nuccetelli and  G Organtini and  A Palma and  R Paramatti and  F Pellegrino and  S Rahatlou and  C Rovelli and  F Safai Tehrani and  A Zullo and  G Alampi and  N Amapane and  R Arcidiacono and  S Argiro and  M Arneodo and  R Bellan and  F Benotto and  C Biino and  S Bolognesi and  M A Borgia and  C Botta and  A Brasolin and  N Cartiglia and  R Castello and  G Cerminara and  R Cirio and  M Cordero and  M Costa and  D Dattola and  F Daudo and  G Dellacasa and  N Demaria and  G Dughera and  F Dumitrache and  R Farano and  G Ferrero and  E Filoni and  G Kostyleva and  H E Larsen and  C Mariotti and  M Marone and  S Maselli and  E Menichetti and  P Mereu and  E Migliore and  G Mila and  V Monaco and  M Musich and  M Nervo and  M M Obertino and  R Panero and  A Parussa and  N Pastrone and  C Peroni and  G Petrillo and  A Romero and  M Ruspa and  R Sacchi and  M Scalise and  A Solano and  A Staiano and  P P Trapani and  D Trocino and  V Vaniev and  A Vilela Pereira and  A Zampieri and  S Belforte and  F Cossutti and  G Della Ricca and  B Gobbo and  C Kavka and  A Penzo and  Y E Kim and  S K Nam and  D H Kim and  G N Kim and  J C Kim and  D J Kong and  S R Ro and  D C Son and  S Y Park and  Y J Kim and  J Y Kim and  I T Lim and  M Y Pac and  S J Lee and  S Y Jung and  J T Rhee and  S H Ahn and  B S Hong and  Y K Jeng and  M H Kang and  H C Kim and  J H Kim and  T J Kim and  K S Lee and  J K Lim and  D H Moon and  I C Park and  S K Park and  M S Ryu and  K-S Sim and  K J Son and  S J Hong and  Y I Choi and  H Castilla Valdez and  A Sanchez Hernandez and  S Carrillo Moreno and  A Morelos Pineda and  A Aerts and  P Van der Stok and  H Weffers and  P Allfrey and  R N C Gray and  M Hashimoto and  D Krofcheck and  A J Bell and  N Bernardino Rodrigues and  P H Butler and  S Churchwell and  R Knegjens and  S Whitehead and  J C Williams and  Z Aftab and  U Ahmad and  I Ahmed and  W Ahmed and  M I Asghar and  S Asghar and  G Dad and  M Hafeez and  H R Hoorani and  I Hussain and  N Hussain and  M Iftikhar and  M S Khan and  K Mehmood and  A Osman and  H Shahzad and  A R Zafar and  A Ali and  A Bashir and  A M Jan and  A Kamal and  F Khan and  M Saeed and  S Tanwir and  M A Zafar and  J Blocki and  A Cyz and  E Gladysz-Dziadus and  S Mikocki and  M Rybczynski and  J Turnau and  Z Wlodarczyk and  P Zychowski and  K Bunkowski and  M Cwiok and  H Czyrkowski and  R Dabrowski and  W Dominik and  K Doroba and  A Kalinowski and  K Kierzkowski and  M Konecki and  J Krolikowski and  I M Kudla and  M Pietrusinski and  K Pozniak and  W Zabolotny and  P Zych and  R Gokieli and  L Goscilo and  M Górski and  K Nawrocki and  P Traczyk and  G Wrochna and  P Zalewski and  K T Pozniak and  R Romaniuk and  W M Zabolotny and  R Alemany-Fernandez and  C Almeida and  N Almeida and  A S Araujo Vila Verde and  T Barata Monteiro and  M Bluj and  S Da Mota Silva and  A David Tinoco Mendes and  M Freitas Ferreira and  M Gallinaro and  M Husejko and  A Jain and  M Kazana and  P Musella and  R Nobrega and  J Rasteiro Da Silva and  P Q Ribeiro and  M Santos and  P Silva and  S Silva and  I Teixeira and  J P Teixeira and  J Varela and  G Varner and  N Vaz Cardoso and  I Altsybeev and  K Babich and  A Belkov and  I Belotelov and  P Bunin and  S Chesnevskaya and  V Elsha and  Y Ershov and  I Filozova and  M Finger and  M Finger Jr and  A Golunov and  I Golutvin and  N Gorbounov and  I Gramenitski and  V Kalagin and  A Kamenev and  V Karjavin and  S Khabarov and  V Khabarov and  Y Kiryushin and  V Konoplyanikov and  V Korenkov and  G Kozlov and  A Kurenkov and  A Lanev and  V Lysiakov and  A Malakhov and  I Melnitchenko and  V V Mitsyn and  K Moisenz and  P Moisenz and  S Movchan and  E Nikonov and  D Oleynik and  V Palichik and  V Perelygin and  A Petrosyan and  E Rogalev and  V Samsonov and  M Savina and  R Semenov and  S Sergeev and  S Shmatov and  S Shulha and  V Smirnov and  D Smolin and  A Tcheremoukhine and  O Teryaev and  E Tikhonenko and  A Urkinbaev and  S Vasil'ev and  A Vishnevskiy and  A Volodko and  N Zamiatin and  A Zarubin and  P Zarubin and  E Zubarev and  N Bondar and  Y Gavrikov and  V Golovtsov and  Y Ivanov and  V Kim and  V Kozlov and  V Lebedev and  G Makarenkov and  F Moroz and  P Neustroev and  G Obrant and  E Orishchin and  A Petrunin and  Y Shcheglov and  A Shchetkovskiy and  V Sknar and  V Skorobogatov and  I Smirnov and  V Sulimov and  V Tarakanov and  L Uvarov and  S Vavilov and  G Velichko and  S Volkov and  A Vorobyev and  D Chmelev and  D Druzhkin and  A Ivanov and  V Kudinov and  O Logatchev and  S Onishchenko and  A Orlov and  V Sakharov and  V Smetannikov and  A Tikhomirov and  S Zavodthikov and  Yu Andreev and  A Anisimov and  V Duk and  S Gninenko and  N Golubev and  D Gorbunov and  M Kirsanov and  N Krasnikov and  V Matveev and  A Pashenkov and  A Pastsyak and  V E Postoev and  A Sadovski and  A Skassyrskaia and  Alexander Solovey and  Anatoly Solovey and  D Soloviev and  A Toropin and  S Troitsky and  A Alekhin and  A Baldov and  V Epshteyn and  V Gavrilov and  N Ilina and  V Kaftanov and  V Karpishin and  I Kiselevich and  V Kolosov and  M Kossov and  A Krokhotin and  S Kuleshov and  A Oulianov and  A Pozdnyakov and  G Safronov and  S Semenov and  N Stepanov and  V Stolin and  E Vlasov and  V Zaytsev and  E Boos and  M Dubinin and  L Dudko and  A Ershov and  G Eyyubova and  A Gribushin and  V Ilyin and  V Klyukhin and  O Kodolova and  N A Kruglov and  A Kryukov and  I Lokhtin and  L Malinina and  V Mikhaylin and  S Petrushanko and  L Sarycheva and  V Savrin and  L Shamardin and  A Sherstnev and  A Snigirev and  K Teplov and  I Vardanyan and  A M Fomenko and  N Konovalova and  V Kozlov and  A I Lebedev and  N Lvova and  S V Rusakov and  A Terkulov and  V Abramov and  S Akimenko and  A Artamonov and  A Ashimova and  I Azhgirey and  S Bitioukov and  O Chikilev and  K Datsko and  A Filine and  A Godizov and  P Goncharov and  V Grishin and  A Inyakin and  V Kachanov and  A Kalinin and  A Khmelnikov and  D Konstantinov and  A Korablev and  V Krychkine and  A Krinitsyn and  A Levine and  I Lobov and  V Lukanin and  Y Mel'nik and  V Molchanov and  V Petrov and  V Petukhov and  V Pikalov and  A Ryazanov and  R Ryutin and  V Shelikhov and  V Skvortsov and  S Slabospitsky and  A Sobol and  A Sytine and  V Talov and  L Tourtchanovitch and  S Troshin and  N Tyurin and  A Uzunian and  A Volkov and  S Zelepoukine and  V Lukyanov and  G Mamaeva and  Z Prilutskaya and  I Rumyantsev and  S Sokha and  S Tataurschikov and  I Vasilyev and  P Adzic and  I Anicin and  M Djordjevic and  D Jovanovic and  D Maletic and  J Puzovic and  N Smiljkovic and  E Aguayo Navarrete and  M Aguilar-Benitez and  J Ahijado Munoz and  J M Alarcon Vega and  J Alberdi and  J Alcaraz Maestre and  M Aldaya Martin and  P Arce and  J M Barcala and  J Berdugo and  C L Blanco Ramos and  C Burgos Lazaro and  J Caballero Bejar and  E Calvo and  M Cerrada and  M Chamizo Llatas and  J J Chercoles Catalán and  N Colino and  M Daniel and  B De La Cruz and  A Delgado Peris and  C Fernandez Bedoya and  A Ferrando and  M C Fouz and  D Francia Ferrero and  J Garcia Romero and  P Garcia-Abia and  O Gonzalez Lopez and  J M Hernandez and  M I Josa and  J Marin and  G Merino and  A Molinero and  J J Navarrete and  J C Oller and  J Puerta Pelayo and  J C Puras Sanchez and  J Ramirez and  L Romero and  C Villanueva Munoz and  C Willmott and  C Yuste and  C Albajar and  J F de Trocóniz and  I Jimenez and  R Macias and  R F Teixeira and  J Cuevas and  J Fernández Menéndez and  I Gonzalez Caballero and  J Lopez-Garcia and  H Naves Sordo and  J M Vizan Garcia and  I J Cabrillo and  A Calderon and  D Cano Fernandez and  I Diaz Merino and  J Duarte Campderros and  M Fernandez and  J Fernandez Menendez and  C Figueroa and  L A Garcia Moral and  G Gomez and  F Gomez Casademunt and  J Gonzalez Sanchez and  R Gonzalez Suarez and  C Jorda and  P Lobelle Pardo and  A Lopez Garcia and  A Lopez Virto and  J Marco and  R Marco and  C Martinez Rivero and  P Martinez Ruiz del Arbol and  F Matorras and  P Orviz Fernandez and  A Patino Revuelta and  T Rodrigo and  D Rodriguez Gonzalez and  A Ruiz Jimeno and  L Scodellaro and  M Sobron Sanudo and  I Vila and  R Vilar Cortabitarte and  M Barbero and  D Goldin and  B Henrich and  L Tauscher and  S Vlachos and  M Wadhwa and  D Abbaneo and  S M Abbas and  I Ahmed and  S Akhtar and  M I Akhtar and  E Albert and  M Alidra and  S Ashby and  P Aspell and  E Auffray and  P Baillon and  A Ball and  S L Bally and  N Bangert and  R Barillère and  D Barney and  S Beauceron and  F Beaudette and  G Benelli and  R Benetta and  J L Benichou and  W Bialas and  A Bjorkebo and  D Blechschmidt and  C Bloch and  P Bloch and  S Bonacini and  J Bos and  M Bosteels and  V Boyer and  A Branson and  H Breuker and  R Bruneliere and  O Buchmuller and  D Campi and  T Camporesi and  A Caner and  E Cano and  E Carrone and  A Cattai and  J P Chatelain and  M Chauvey and  T Christiansen and  M Ciganek and  S Cittolin and  J Cogan and  A Conde Garcia and  H Cornet and  E Corrin and  M Corvo and  S Cucciarelli and  B Curé and  D D'Enterria and  A De Roeck and  T de Visser and  C Delaere and  M Delattre and  C Deldicque and  D Delikaris and  D Deyrail and  S Di Vincenzo and  A Domeniconi and  S Dos Santos and  G Duthion and  L M Edera and  A Elliott-Peisert and  M Eppard and  F Fanzago and  M Favre and  H Foeth and  R Folch and  N Frank and  S Fratianni and  M A Freire and  A Frey and  A Fucci and  W Funk and  A Gaddi and  F Gagliardi and  M Gastal and  M Gateau and  J C Gayde and  H Gerwig and  A Ghezzi and  D Gigi and  K Gill and  A S Giolo-Nicollerat and  J P Girod and  F Glege and  W Glessing and  R Gomez-Reino Garrido and  R Goudard and  R Grabit and  J P Grillet and  P Gutierrez Llamas and  E Gutierrez Mlot and  J Gutleber and  R Hall-wilton and  R Hammarstrom and  M Hansen and  J Harvey and  A Hervé and  J Hill and  H F Hoffmann and  A Holzner and  A Honma and  D Hufnagel and  M Huhtinen and  S D Ilie and  V Innocente and  W Jank and  P Janot and  P Jarron and  M Jeanrenaud and  P Jouvel and  R Kerkach and  K Kloukinas and  L J Kottelat and  J C Labbé and  D Lacroix and  X Lagrue and  C Lasseur and  E Laure and  J F Laurens and  P Lazeyras and  J M Le Goff and  M Lebeau and  P Lecoq and  F Lemeilleur and  M Lenzi and  N Leonardo and  C Leonidopoulos and  M Letheren and  M Liendl and  F Limia-Conde and  L Linssen and  C Ljuslin and  B Lofstedt and  R Loos and  J A Lopez Perez and  C Lourenco and  A Lyonnet and  A Machard and  R Mackenzie and  N Magini and  G Maire and  L Malgeri and  R Malina and  M Mannelli and  A Marchioro and  J Martin and  F Meijers and  P Meridiani and  E Meschi and  T Meyer and  A Meynet Cordonnier and  J F Michaud and  L Mirabito and  R Moser and  F Mossiere and  J Muffat-Joly and  M Mulders and  J Mulon and  E Murer and  P Mättig and  A Oh and  A Onnela and  M Oriunno and  L Orsini and  J A Osborne and  C Paillard and  I Pal and  G Papotti and  G Passardi and  A Patino-Revuelta and  V Patras and  B Perea Solano and  E Perez and  G Perinic and  J F Pernot and  P Petagna and  P Petiot and  P Petit and  A Petrilli and  A Pfeiffer and  C Piccut and  M Pimiä and  R Pintus and  M Pioppi and  A Placci and  L Pollet and  H Postema and  M J Price and  R Principe and  A Racz and  E Radermacher and  R Ranieri and  G Raymond and  P Rebecchi and  J Rehn and  S Reynaud and  H Rezvani Naraghi and  D Ricci and  M Ridel and  M Risoldi and  P Rodrigues Simoes Moreira and  A Rohlev and  G Roiron and  G Rolandi and  P Rumerio and  O Runolfsson and  V Ryjov and  H Sakulin and  D Samyn and  L C Santos Amaral and  H Sauce and  E Sbrissa and  P Scharff-Hansen and  P Schieferdecker and  W D Schlatter and  B Schmitt and  H G Schmuecker and  M Schröder and  C Schwick and  C Schäfer and  I Segoni and  P Sempere Roldán and  S Sgobba and  A Sharma and  P Siegrist and  C Sigaud and  N Sinanis and  T Sobrier and  P Sphicas and  M Spiropulu and  G Stefanini and  A Strandlie and  F Szoncsó and  B G Taylor and  O Teller and  A Thea and  E Tournefier and  D Treille and  P Tropea and  J Troska and  E Tsesmelis and  A Tsirou and  J Valls and  I Van Vulpen and  M Vander Donckt and  F Vasey and  M Vazquez Acosta and  L Veillet and  P Vichoudis and  G Waurick and  J P Wellisch and  P Wertelaers and  M Wilhelmsson and  I M Willers and  M Winkler and  M Zanetti and  W Bertl and  K Deiters and  P Dick and  W Erdmann and  D Feichtinger and  K Gabathuler and  Z Hochman and  R Horisberger and  Q Ingram and  H C Kaestli and  D Kotlinski and  S König and  P Poerschke and  D Renker and  T Rohe and  T Sakhelashvili and  A Starodumov and  V Aleksandrov and  F Behner and  I Beniozef and  B Betev and  B Blau and  A M Brett and  L Caminada and  Z Chen and  N Chivarov and  D Da Silva Di Calafiori and  S Dambach and  G Davatz and  V Delachenal and  R Della Marina and  H Dimov and  G Dissertori and  M Dittmar and  L Djambazov and  M Dröge and  C Eggel and  J Ehlers and  R Eichler and  M Elmiger and  G Faber and  K Freudenreich and  J F Fuchs and  G M Georgiev and  C Grab and  C Haller and  J Herrmann and  M Hilgers and  W Hintz and  Hans Hofer and  Heinz Hofer and  U Horisberger and  I Horvath and  A Hristov and  C Humbertclaude and  B Iliev and  W Kastli and  A Kruse and  J Kuipers and  U Langenegger and  P Lecomte and  E Lejeune and  G Leshev and  C Lesmond and  B List and  P D Luckey and  W Lustermann and  J D Maillefaud and  C Marchica and  A Maurisset and  B Meier and  P Milenovic and  M Milesi and  F Moortgat and  I Nanov and  A Nardulli and  F Nessi-Tedaldi and  B Panev and  L Pape and  F Pauss and  E Petrov and  G Petrov and  M M Peynekov and  D Pitzl and  T Punz and  P Riboni and  J Riedlberger and  A Rizzi and  F J Ronga and  P A Roykov and  U Röser and  D Schinzel and  A Schöning and  A Sourkov and  K Stanishev and  S Stoenchev and  F Stöckli and  H Suter and  P Trüb and  S Udriot and  D G Uzunova and  I Veltchev and  G Viertel and  H P von Gunten and  S Waldmeier-Wicki and  R Weber and  M Weber and  J Weng and  M Wensveen and  F Wittgenstein and  K Zagoursky and  E Alagoz and  C Amsler and  V Chiochia and  C Hoermann and  C Regenfus and  P Robmann and  T Rommerskirchen and  A Schmidt and  S Steiner and  D Tsirigkas and  L Wilke and  S Blyth and  Y H Chang and  E A Chen and  A Go and  C C Hung and  C M Kuo and  S W Li and  W Lin and  P Chang and  Y Chao and  K F Chen and  Z Gao and  G W S Hou and  Y B Hsiung and  Y J Lei and  S W Lin and  R S Lu and  J G Shiu and  Y M Tzeng and  K Ueno and  Y Velikzhanin and  C C Wang and  M-Z Wang and  S Aydin and  A Azman and  M N Bakirci and  S Basegmez and  S Cerci and  I Dumanoglu and  S Erturk and  E Eskut and  A Kayis Topaksu and  H Kisoglu and  P Kurt and  K Ozdemir and  N Ozdes Koca and  H Ozkurt and  S Ozturk and  A Polatöz and  K Sogut and  H Topakli and  M Vergili and  G Önengüt and  H Gamsizkan and  S Sekmen and  M Serin-Zeyrek and  R Sever and  M Zeyrek and  M Deliomeroglu and  E Gülmez and  E Isiksal and  M Kaya and  O Kaya and  S Ozkorucuklu and  N Sonmez and  B Grinev and  V Lyubynskiy and  V Senchyshyn and  L Levchuk and  S Lukyanenko and  D Soroka and  P Sorokin and  S Zub and  A Anjum and  N Baker and  T Hauer and  R McClatchey and  M Odeh and  D Rogulin and  A Solomonides and  J J Brooke and  R Croft and  D Cussans and  D Evans and  R Frazier and  N Grant and  M Hansen and  R D Head and  G P Heath and  H F Heath and  C Hill and  B Huckvale and  J Jackson and  C Lynch and  C K Mackay and  S Metson and  S J Nash and  D M Newbold and  A D Presland and  M G Probert and  E C Reid and  V J Smith and  R J Tapper and  R Walton and  E Bateman and  K W Bell and  R M Brown and  B Camanzi and  I T Church and  D J A Cockerill and  J E Cole and  J F Connolly and  J A Coughlan and  P S Flower and  P Ford and  V B Francis and  M J French and  S B Galagedera and  W Gannon and  A P R Gay and  N I Geddes and  R J S Greenhalgh and  R N J Halsall and  W J Haynes and  J A Hill and  F R Jacob and  P W Jeffreys and  L L Jones and  B W Kennedy and  A L Lintern and  A B Lodge and  A J Maddox and  Q R Morrissey and  P Murray and  G N Patrick and  C A X Pattison and  M R Pearson and  S P H Quinton and  G J Rogers and  J G Salisbury and  A A Shah and  C H Shepherd-Themistocleous and  B J Smith and  M Sproston and  R Stephenson and  S Taghavi and  I R Tomalin and  M J Torbet and  J H Williams and  W J Womersley and  S D Worm and  F Xing and  M Apollonio and  F Arteche and  R Bainbridge and  G Barber and  P Barrillon and  J Batten and  R Beuselinck and  P M Brambilla Hall and  D Britton and  W Cameron and  D E Clark and  I W Clark and  D Colling and  N Cripps and  G Davies and  M Della Negra and  G Dewhirst and  S Dris and  C Foudas and  J Fulcher and  D Futyan and  D J Graham and  S Greder and  S Greenwood and  G Hall and  J F Hassard and  J Hays and  G Iles and  V Kasey and  M Khaleeq and  J Leaver and  P Lewis and  B C MacEvoy and  O Maroney and  E M McLeod and  D G Miller and  J Nash and  A Nikitenko and  E Noah Messomo and  M Noy and  A Papageorgiou and  M Pesaresi and  K Petridis and  D R Price and  X Qu and  D M Raymond and  A Rose and  S Rutherford and  M J Ryan and  F Sciacca and  C Seez and  P Sharp and  G Sidiropoulos and  M Stettler and  M Stoye and  J Striebig and  M Takahashi and  H Tallini and  A Tapper and  C Timlin and  L Toudup and  T Virdee and  S Wakefield and  P Walsham and  D Wardrope and  M Wingham and  Y Zhang and  O Zorba and  C Da Via and  I Goitom and  P R Hobson and  D C Imrie and  I Reid and  C Selby and  O Sharif and  L Teodorescu and  S J Watts and  I Yaselli and  E Hazen and  A Heering and  A Heister and  C Lawlor and  D Lazic and  E Machado and  J Rohlf and  L Sulak and  F Varela Rodriguez and  S X Wu and  A Avetisyan and  T Bose and  L Christofek and  D Cutts and  S Esen and  R Hooper and  G Landsberg and  M Narain and  D Nguyen and  T Speer and  K V Tsang and  R Breedon and  M Case and  M Chertok and  J Conway and  P T Cox and  J Dolen and  R Erbacher and  Y Fisyak and  E Friis and  G Grim and  B Holbrook and  W Ko and  A Kopecky and  R Lander and  F C Lin and  A Lister and  S Maruyama and  D Pellett and  J Rowe and  M Searle and  J Smith and  A Soha and  M Squires and  M Tripathi and  R Vasquez Sierra and  C Veelken and  V Andreev and  K Arisaka and  Y Bonushkin and  S Chandramouly and  D Cline and  R Cousins and  S Erhan and  J Hauser and  M Ignatenko and  C Jarvis and  B Lisowski and  C Matthey and  B Mohr and  J Mumford and  S Otwinowski and  Y Pischalnikov and  G Rakness and  P Schlein and  Y Shi and  B Tannenbaum and  J Tucker and  V Valuev and  R Wallny and  H G Wang and  X Yang and  Y Zheng and  J Andreeva and  J Babb and  S Campana and  D Chrisman and  R Clare and  J Ellison and  D Fortin and  J W Gary and  W Gorn and  G Hanson and  G Y Jeng and  S C Kao and  J G Layter and  F Liu and  H Liu and  A Luthra and  G Pasztor and  H Rick and  A Satpathy and  B C Shen and  R Stringer and  V Sytnik and  P Tran and  S Villa and  R Wilken and  S Wimpenny and  D Zer-Zion and  J G Branson and  J A Coarasa Perez and  E Dusinberre and  R Kelley and  M Lebourgeois and  J Letts and  E Lipeles and  B Mangano and  T Martin and  M Mojaver and  J Muelmenstaedt and  M Norman and  H P Paar and  A Petrucci and  H Pi and  M Pieri and  A Rana and  M Sani and  V Sharma and  S Simon and  A White and  F Würthwein and  A Yagil and  A Affolder and  A Allen and  C Campagnari and  M D'Alfonso and  A Dierlamm and  J Garberson and  D Hale and  J Incandela and  P Kalavase and  S A Koay and  D Kovalskyi and  V Krutelyov and  S Kyre and  J Lamb and  S Lowette and  M Nikolic and  V Pavlunin and  F Rebassoo and  J Ribnik and  J Richman and  R Rossin and  Y S Shah and  D Stuart and  S Swain and  J R Vlimant and  D White and  M Witherell and  A Bornheim and  J Bunn and  J Chen and  G Denis and  P Galvez and  M Gataullin and  I Legrand and  V Litvine and  Y Ma and  R Mao and  D Nae and  I Narsky and  H B Newman and  T Orimoto and  C Rogan and  S Shevchenko and  C Steenberg and  X Su and  M Thomas and  V Timciuc and  F van Lingen and  J Veverka and  B R Voicu and  A Weinstein and  R Wilkinson and  Y Xia and  Y Yang and  L Y Zhang and  K Zhu and  R Y Zhu and  T Ferguson and  D W Jang and  S Y Jun and  M Paulini and  J Russ and  N Terentyev and  H Vogel and  I Vorobiev and  M Bunce and  J P Cumalat and  M E Dinardo and  B R Drell and  W T Ford and  K Givens and  B Heyburn and  D Johnson and  U Nauenberg and  K Stenson and  S R Wagner and  L Agostino and  J Alexander and  F Blekman and  D Cassel and  S Das and  J E Duboscq and  L K Gibbons and  B Heltsley and  C D Jones and  V Kuznetsov and  J R Patterson and  D Riley and  A Ryd and  S Stroiney and  W Sun and  J Thom and  J Vaughan and  P Wittich and  C P Beetz and  G Cirino and  V Podrasky and  C Sanzeni and  D Winn and  S Abdullin and  M A Afaq and  M Albrow and  J Amundson and  G Apollinari and  M Atac and  W Badgett and  J A Bakken and  B Baldin and  K Banicz and  L A T Bauerdick and  A Baumbaugh and  J Berryhill and  P C Bhat and  M Binkley and  I Bloch and  F Borcherding and  A Boubekeur and  M Bowden and  K Burkett and  J N Butler and  H W K Cheung and  G Chevenier and  F Chlebana and  I Churin and  S Cihangir and  W Dagenhart and  M Demarteau and  D Dykstra and  D P Eartly and  J E Elias and  V D Elvira and  D Evans and  I Fisk and  J Freeman and  I Gaines and  P Gartung and  F J M Geurts and  L Giacchetti and  D A Glenzinski and  E Gottschalk and  T Grassi and  D Green and  C Grimm and  Y Guo and  O Gutsche and  A Hahn and  J Hanlon and  R M Harris and  T Hesselroth and  S Holm and  B Holzman and  E James and  H Jensen and  M Johnson and  U Joshi and  B Klima and  S Kossiakov and  K Kousouris and  J Kowalkowski and  T Kramer and  S Kwan and  C M Lei and  M Leininger and  S Los and  L Lueking and  G Lukhanin and  S Lusin and  K Maeshima and  J M Marraffino and  D Mason and  P McBride and  T Miao and  S Moccia and  N Mokhov and  S Mrenna and  S J Murray and  C Newman-Holmes and  C Noeding and  V O'Dell and  M Paterno and  D Petravick and  R Pordes and  O Prokofyev and  N Ratnikova and  A Ronzhin and  V Sekhri and  E Sexton-Kennedy and  I Sfiligoi and  T M Shaw and  E Skup and  R P Smith and  W J Spalding and  L Spiegel and  M Stavrianakou and  G Stiehr and  A L Stone and  I Suzuki and  P Tan and  W Tanenbaum and  L E Temple and  S Tkaczyk and  L Uplegger and  E W Vaandering and  R Vidal and  R Wands and  H Wenzel and  J Whitmore and  E Wicklund and  W M Wu and  Y Wu and  J Yarba and  V Yarba and  F Yumiceva and  J C Yun and  T Zimmerman and  D Acosta and  P Avery and  V Barashko and  P Bartalini and  D Bourilkov and  R Cavanaugh and  S Dolinsky and  A Drozdetskiy and  R D Field and  Y Fu and  I K Furic and  L Gorn and  D Holmes and  B J Kim and  S Klimenko and  J Konigsberg and  A Korytov and  K Kotov and  P Levchenko and  A Madorsky and  K Matchev and  G Mitselmakher and  Y Pakhotin and  C Prescott and  L Ramond and  P Ramond and  M Schmitt and  B Scurlock and  J Stasko and  H Stoeck and  D Wang and  J Yelton and  V Gaultney and  L Kramer and  L M Lebolo and  S Linn and  P Markowitz and  G Martinez and  J L Rodriguez and  T Adams and  A Askew and  O Atramentov and  M Bertoldi and  W G D Dharmaratna and  Y Gershtein and  S V Gleyzer and  S Hagopian and  V Hagopian and  C J Jenkins and  K F Johnson and  H Prosper and  D Simek and  J Thomaston and  M Baarmand and  L Baksay and  S Guragain and  M Hohlmann and  H Mermerkaya and  R Ralich and  I Vodopiyanov and  M R Adams and  I M Anghel and  L Apanasevich and  O Barannikova and  V E Bazterra and  R R Betts and  C Dragoiu and  E J Garcia-Solis and  C E Gerber and  D J Hofman and  R Hollis and  A Iordanova and  S Khalatian and  C Mironov and  E Shabalina and  A Smoron and  N Varelas and  U Akgun and  E A Albayrak and  A S Ayan and  R Briggs and  K Cankocak and  W Clarida and  A Cooper and  P Debbins and  F Duru and  M Fountain and  E McCliment and  J P Merlo and  A Mestvirishvili and  M J Miller and  A Moeller and  C R Newsom and  E Norbeck and  J Olson and  Y Onel and  L Perera and  I Schmidt and  S Wang and  T Yetkin and  E W Anderson and  H Chakir and  J M Hauptman and  J Lamsa and  B A Barnett and  B Blumenfeld and  C Y Chien and  G Giurgiu and  A Gritsan and  D W Kim and  C K Lae and  P Maksimovic and  M Swartz and  N Tran and  P Baringer and  A Bean and  J Chen and  D Coppage and  O Grachov and  M Murray and  V Radicci and  J S Wood and  V Zhukova and  D Bandurin and  T Bolton and  K Kaadze and  W E Kahl and  Y Maravin and  D Onoprienko and  R Sidwell and  Z Wan and  B Dahmes and  J Gronberg and  J Hollar and  D Lange and  D Wright and  C R Wuest and  D Baden and  R Bard and  S C Eno and  D Ferencek and  N J Hadley and  R G Kellogg and  M Kirn and  S Kunori and  E Lockner and  F Ratnikov and  F Santanastasio and  A Skuja and  T Toole and  L Wang and  M Wetstein and  B Alver and  M Ballintijn and  G Bauer and  W Busza and  G Gomez Ceballos and  K A Hahn and  P Harris and  M Klute and  I Kravchenko and  W Li and  C Loizides and  T Ma and  S Nahn and  C Paus and  S Pavlon and  J Piedra Gomez and  C Roland and  G Roland and  M Rudolph and  G Stephans and  K Sumorok and  S Vaurynovich and  E A Wenger and  B Wyslouch and  D Bailleux and  S Cooper and  P Cushman and  A De Benedetti and  A Dolgopolov and  P R Dudero and  R Egeland and  G Franzoni and  W J Gilbert and  D Gong and  J Grahl and  J Haupt and  K Klapoetke and  I Kronkvist and  Y Kubota and  J Mans and  R Rusack and  S Sengupta and  B Sherwood and  A Singovsky and  P Vikas and  J Zhang and  M Booke and  L M Cremaldi and  R Godang and  R Kroeger and  M Reep and  J Reidy and  D A Sanders and  P Sonnek and  D Summers and  S Watkins and  K Bloom and  B Bockelman and  D R Claes and  A Dominguez and  M Eads and  M Furukawa and  J Keller and  T Kelly and  C Lundstedt and  S Malik and  G R Snow and  D Swanson and  K M Ecklund and  I Iashvili and  A Kharchilava and  A Kumar and  M Strang and  G Alverson and  E Barberis and  O Boeriu and  G Eulisse and  T McCauley and  Y Musienko and  S Muzaffar and  I Osborne and  S Reucroft and  J Swain and  L Taylor and  L Tuura and  B Gobbi and  M Kubantsev and  A Kubik and  R A Ofierzynski and  M Schmitt and  E Spencer and  S Stoynev and  M Szleper and  M Velasco and  S Won and  K Andert and  B Baumbaugh and  B A Beiersdorf and  L Castle and  J Chorny and  A Goussiou and  M Hildreth and  C Jessop and  D J Karmgard and  T Kolberg and  J Marchant and  N Marinelli and  M McKenna and  R Ruchti and  M Vigneault and  M Wayne and  D Wiand and  B Bylsma and  L S Durkin and  J Gilmore and  J Gu and  P Killewald and  T Y Ling and  C J Rush and  V Sehgal and  G Williams and  N Adam and  S Chidzik and  P Denes and  P Elmer and  A Garmash and  D Gerbaudo and  V Halyo and  J Jones and  D Marlow and  J Olsen and  P Piroué and  D Stickland and  C Tully and  J S Werner and  T Wildish and  S Wynhoff and  Z Xie and  X T Huang and  A Lopez and  H Mendez and  J E Ramirez Vargas and  A Zatserklyaniy and  A Apresyan and  K Arndt and  V E Barnes and  G Bolla and  D Bortoletto and  A Bujak and  A Everett and  M Fahling and  A F Garfinkel and  L Gutay and  N Ippolito and  Y Kozhevnikov and  A T Laasanen and  C Liu and  V Maroussov and  S Medved and  P Merkel and  D H Miller and  J Miyamoto and  N Neumeister and  A Pompos and  A Roy and  A Sedov and  I Shipsey and  V Cuplov and  N Parashar and  P Bargassa and  S J Lee and  J H Liu and  D Maronde and  M Matveev and  T Nussbaum and  B P Padley and  J Roberts and  A Tumanov and  A Bodek and  H Budd and  J Cammin and  Y S Chung and  P De Barbaro and  R Demina and  G Ginther and  Y Gotra and  S Korjenevski and  D C Miner and  W Sakumoto and  P Slattery and  M Zielinski and  A Bhatti and  L Demortier and  K Goulianos and  K Hatakeyama and  C Mesropian and  E Bartz and  S H Chuang and  J Doroshenko and  E Halkiadakis and  P F Jacques and  D Khits and  A Lath and  A Macpherson and  R Plano


@article{lhcmachine2008,
	doi = {10.1088/1748-0221/3/08/s08001},
	year = 2008,
	month = {{Aug}},
	publisher = {{IOP} Publishing},
	volume = {3},
	number = {08},
	pages = {S08001--S08001},
	author = {Lyndon Evans and Philip Bryant},
	title = {{LHC} Machine},
	journal = {Journal of Instrumentation},
	abstract = {The Large Hadron Collider (LHC) at CERN near Geneva is the world's newest and most powerful tool for Particle Physics research.}
}

@article{Pixel_Hit_Reconstruction,
	doi = {https://doi.org/10.48550/arXiv.0808.3804},
	year = 2008,
	month = {{Aug}},
	publisher = {{IOP} Publishing},
	volume = {2},
	author = {G. Giurgiu, D. Fehling, P. Maksimovic},
	title = {Pixel Hit Reconstruction with the CMS Detector},
	journal = {Instrumentation and Detectors},
	abstract = {Pixel Hit Reconstruction with the CMS Detector.}
}

@article{CMS_Exp_2008,
	doi = {10.1088/1748-0221/3/08/s08004},
	year = 2008,
	month = {{Aug}},
	publisher = {{IOP} Publishing},
	volume = {3},
	number = {08},
	pages = {S08004--S08004},
	author = {CMS Collaboration},
	title = {The {CMS} experiment at the {CERN} {LHC}},
	journal = {Journal of Instrumentation},
	abstract = {The Compact Muon Solenoid (CMS) detector is described. The detector operates at the Large Hadron Collider (LHC) at CERN.}



@article{Atlas_Exp_2008,
	doi = {10.1088/1748-0221/3/08/s08003},
	year = 2008,
	month = {{Aug}},
	publisher = {{IOP} Publishing},
	volume = {3},
	number = {08},
	pages = {S08003--S08003},
	author = {ATLAS Collaboration},
		title = {The {ATLAS} Experiment at the {CERN} Large Hadron Collider},
	journal = {Journal of Instrumentation},
	abstract = {The ATLAS detector as insta}
}



@article{ALICE_Exp_2008,
	doi = {10.1088/1748-0221/3/08/s08002},
	year = 2008,
	month = {{Aug}},
	publisher = {{IOP} Publishing},
	volume = {3},
	number = {08},
	pages = {S08002--S08002},
	author = {ALICE Collaboration},
	title = {The {ALICE} experiment at the {CERN} {LHC}},
	journal = {Journal of Instrumentation},
	abstract = {ALICE (A Large Ion Collider Experiment) is a general-purpose, heavy-ion detector at the CERN LHC which focuses on QCD}
}



@article{LHCb_Exp_2008,
	doi = {10.1088/1748-0221/3/08/s08005},
	year = 2008,
	month = {{Aug}},
	publisher = {{IOP} Publishing},
	volume = {3},
	number = {08},
	pages = {S08005--S08005},
	author = {The LHCb Collaboration},
	title = {The {LHCb} Detector at the {LHC}},
	journal = {Journal of Instrumentation},
	abstract = {The LHCb experiment is dedicated to precision measurements of CP violation and rare decays of B hadrons at .}
}



@book{thomson_2013, place={Cambridge}, title={Modern Particle Physics}, DOI={10.1017/CBO9781139525367}, publisher={Cambridge University Press}, author={Thomson, Mark}, year={2013}}



@book{griff,
      author        = "Griffiths, David J",
      title         = "{Introduction to Elementary Particles; Second edition}",
      publisher     = "WILEY-VCH Verlag GmbH & Co. KGaA. Weinheim",
      address       = "Federal Republic of Germany",
      year          = "2008"
}

@book{Statistical_Data_Analysis,
      author        = "Glen Cowan",
      title         = "{Statistical Data Analysis}",
      publisher     = "Oxford University Press",
      address       = "New York, NY",
      series        = "Oxford Series",
      year          = "1998"
}

@article{higgs_ATLAS,
title = {Observation of a new particle in the search for the {Standard Model Higgs} boson with the {ATLAS} detector at the {LHC}},
journal = {Physics Letters B},
volume = {716},
number = {1},
pages = {1-29},
year = {2012},
doi = {https://doi.org/10.1016/j.physletb.2012.08.020},
author = {ATLAS Collaboration}
}


@article{higgs_CMS,
title = {Observation of a new boson at a mass of 125 {G}e{V} with the {CMS} experiment at the {LHC}},
journal = {Physics Letters B},
volume = {716},
number = {1},
pages = {30-61},
year = {2012},
doi = {https://doi.org/10.1016/j.physletb.2012.08.021},
author = {CMS Collaboration}
}



@book{ref_lib_vol3,
author = {Myers, Stephen and Schopper, Herwig},
year = {2020},
month = {01},
pages = {230},
title = {Particle Physics Reference Library Volume 3: Accelerators and Colliders.},
doi = {10.1007/978-3-030-34245-6}
}


@article{lumi_paper_def_and_concept,
title = {Luminosity determination at proton colliders},
journal = {Progress in Particle and Nuclear Physics},
volume = {81},
pages = {97-148},
year = {2015},
doi = {https://doi.org/10.1016/j.ppnp.2014.11.002},
author = {P. Grafström and W. Kozanecki},
keywords = {Luminosity determination, Hadron colliders, van der Meer scans, Elastic pp scattering, Beam imaging},
abstract = {Luminosity is a key parameter in any particle collider.}
}


@Inbook{undergraduate_accelerators_chapter,
author="Belyaev, Alexander
and Ross, Douglas",
title="Particle Accelerators",
bookTitle="The Basics of Nuclear and Particle Physics",
year="2021",
publisher="Springer International Publishing",
address="Cham",
pages="264--266",
doi="10.1007/978-3-030-80116-8_13"
}



@article{LHC_status_2013,
	doi = {10.1088/1742-6596/455/1/012001},
	year = 2013,
	month = {{Aug}},
	publisher = {{IOP} Publishing},
	volume = {455},
	pages = {012001},
	author = {Mike Lamont},
	title = {Status of the {LHC}},
	journal = {Journal of Physics: Conference Series},
	abstract = {A brief overview of LHC operations over the last 3 years is provided. Luminosity performance has been satisfactory and the factors that have been exploited are outlined. Availability and operational efficiency are discussed. Finally a brief overview of the planned long shutdown is given and estimates of the potential post shutdown performance briefly enumerated.}
}


@article{lumi_precise_2015_2016,
author = {CMS Collaboration},
year = {2021},
month = {01},
pages = {800},
title = {Precision luminosity measurement in proton-proton collisions at $\sqrt{s}$ = 13 TeV in 2015 and 2016 at CMS},
volume = {81},
journal = {The European physical journal. C, Particles and fields},
doi = {10.1140/epjc/s10052-021-09538-2}
}


@techreport{pas_17,
      title         = "{CMS luminosity measurement for the 2017 data-taking
                       period at $\sqrt{s} = 13~\mathrm{TeV}$}",
      institution   = "CERN",
      collaboration = "CMS Collaboration",
      address       = "Geneva",
      reportNumber  = "CMS-PAS-LUM-17-004",
      year          = "2018",
      url           = "https://cds.cern.ch/record/2621960",
}

@techreport{phase2_Upgrade,
      title         = "{The Phase-2 Upgrade of the CMS Beam Radiation, Instrumentation, and Luminosity}",
      institution   = "CERN",
      collaboration = "CMS Collaboration",
      address       = "Geneva",
      reportNumber  = "CMS-NOTE-2019-008",
      year          = "2020",
      url           = "https://cds.cern.ch/record/2706512?ln=en",
}

@techreport{pas_18,
      title         = "{CMS luminosity measurement for the 2018 data-taking
                       period at $\sqrt{s} = 13~\mathrm{TeV}$}",
      institution   = "CERN",
      collaboration = "CMS Collaboration",
      address       = "Geneva",
      reportNumber  = "CMS-PAS-LUM-18-002",
      year          = "2019",
      url           = "https://cds.cern.ch/record/2676164",
}

@MISC{wikicern,
    author = {{CMSPublic Web. CMS Luminosity - Public Results}},
    title = {Delivered luminosity versus time for 2010-2012 and 2015-2018 (pp data only)},
    year = {2022},
    note = {[Online; accessed September 23, 2022]},
    url = {https://twiki.cern.ch/twiki/bin/view/CMSPublic/LumiPublicResults}
}

@thesis{LHC,
      author        = "CERN Acelerating science",
      title         = "{The Large Hadron Collider}",
      year          = "2022",
      url           = "https://home.cern/science/accelerators/large-hadron-collider",
}

@thesis{luminosity_importance,
      author        = "Piotr Traczyk",
      title         = "{Why precision luminosity measurements matter}",
      year          = "2021",
      url           = "https://home.cern/news/news/physics/why-precision-luminosity-measurements-matter",
}

@thesis{concept_of_luminosity,
      author        = "Werner Herr and Bruno Muratori",
      title         = "{Concept of Luminosity}",
      year          = "2006",
      url           = "https://cds.cern.ch/record/941318/files/p361.pdf",
}

@article{phase1_Pixel_Detector,
	doi = {10.1088/1748-0221/16/02/p02027},
	year = 2021,
	month = {{Feb}},
	publisher = {{IOP} Publishing},
	volume = {16},
	number = {02},
	pages = {P02027--P02027},
	author = {W. Adam et al },
	title = {The {CMS} Phase-1 pixel detector upgrade},
	journal = {Journal of Instrumentation},
	abstract = {The CMS detector at the CERN LHC features a silicon pixel detector as its innermost subdetector.}}

@article{Track_Reco_2014,
	doi = {10.1088/1748-0221/9/10/p10009},
	year = 2014,
	month = {{Oct}},
	publisher = {{IOP} Publishing},
	volume = {9},
	number = {10},
	pages = {P10009--P10009},
	author = {The CMS Collaboration},
	title = {Description and performance of track and primary-vertex reconstruction with the {CMS} tracker},
	journal = {Journal of Instrumentation},
	abstract = {A description is provided of the software algorithms developed for the CMS tracker both for reconstructing charged-particle trajectories in proton-proton g.}
}


@book{TDR_CMS,
      author        = "CMS Collaboration",
      title         = "{CMS Physics: Technical Design Report Volume 1: Detector
                       Performance and Software}",
      publisher     = "CERN",
      collaboration = "CMS Collaboration",
      address       = "Geneva",
      series        = "Technical design report. CMS",
      year          = "2006",
      url           = "https://cds.cern.ch/record/922757",
      note          = "There is an error on cover due to a technical problem for
                       some items",
}


@article{MuonDetPerf_CMS,
	doi = {10.1088/1748-0221/13/06/p06015},
	url = {https://doi.org/10.1088/1748-0221/13/06/p06015},
	year = 2018,
	month = {jun},
	publisher = {{IOP} Publishing},
	volume = {13},
	number = {06},
	pages = {P06015--P06015},
	author = {CMS Collaboration},
	title = {Performance of the {CMS} muon detector and muon reconstruction with proton-proton collisions at $\sqrt{s}$ = 13 {TeV}},
	journal = {Journal of Instrumentation},
	abstract = {The CMS muon detector system....}
}



@BOOK{Martin2017_book,
  title     = "Particle Physics",
  author    = "Martin, Brian R and Shaw, Graham",
  publisher = "John Wiley \& Sons",
  series    = "Manchester Physics Series",
  edition   =  4,
  month     =  jan,
  year      =  2017,
  address   = "Nashville, TN",
  language  = "en"
}



@MISC{wikicern_cc,
    author = {{CMSPublic Web. CMS Luminosity - Public Results}},
    title = {Delivered luminosity versus time for 2010-2012 and 2015-2018 (pp data only)},
    year = {2023},
    url = {https://twiki.cern.ch/twiki/bin/view/CMSPublic/LumiPublicResults}
}

@MISC{hl-lhc,
    author = {{The HL-LHC project, official web}},
    title = {The HL-LHC project},
    year = {2022},
    note = {[Online; LHC/ HL-LHC Plan (last update February 2022)]},
    url = {https://hilumilhc.web.cern.ch/content/hl-lhc-project}
}


@article{det_summary,
	doi = {10.1088/1748-0221/12/10/p10003},
	year = 2017,
	month = {{Oct}<},
	publisher = {{IOP} Publishing},
	volume = {12},
	number = {10},
	pages = {P10003--P10003},
	author = {A.M. Sirunyan et al },
	title = {Particle-flow reconstruction and global event description with the {CMS} detector},
	journal = {Journal of Instrumentation},
	abstract = {The CMS apparatus.}
}



@inproceedings{lhc_complex,
    author = "Halkiadakis, Eva",
    title = "{Introduction to the LHC Experiments}",
    booktitle = "{Theoretical Advanced Study Institute in Elementary Particle Physics}: {Physics of the Large and the Small}",
    eprint = "1004.5564",
    archivePrefix = "arXiv",
    primaryClass = "hep-ex",
    doi = "10.1142/9789814327183_0009",
    pages = "489--518",
    year = "2011"
}

@techreport{vdM_cal,
      author        = "van der Meer, S",
      title         = "{Calibration of the effective beam height in the ISR}",
      institution   = "CERN",
      address       = "Geneva",
      reportNumber  = "CERN-ISR-PO-68-31, ISR-PO-68-31",
      year          = "1968",
      url           = "https://cds.cern.ch/record/296752",
}

@techreport{PCC_PAS_12_001,
      title         = "{CMS Luminosity Based on Pixel Cluster Counting - Summer
                       2012 Update}",
      institution   = "CERN",
      collaboration = "CMS Collaboration",
      address       = "Geneva",
      reportNumber  = "CMS-PAS-LUM-12-001",
      year          = "2012",
      url           = "https://cds.cern.ch/record/1482193",
}



@article{vdM_sketch,
    author = "Karacheban, Olena",
    collaboration = "CMS",
    title = "{Performance of the BRIL luminometers at CMS in Run 2}",
    reportNumber = "CMS-CR-2019-140",
    doi = "10.22323/1.364.0194",
    journal = "PoS",
    volume = "EPS-HEP2019",
    pages = "194",
    year = "2020"
}


@techreport{pas-13,
      title         = "{CMS Luminosity Based on Pixel Cluster Counting - Summer
                       2013 Update}",
      institution   = "CERN",
      collaboration = "CMS Collaboration",
      address       = "Geneva",
      reportNumber  = "CMS-PAS-LUM-13-001",
      year          = "2013",
      url           = "https://cds.cern.ch/record/1598864",
}

@techreport{pas-15,
      title         = "{CMS luminosity measurement for the 2015 data-taking
                       period}",
      institution   = "CERN",
      collaboration = "CMS Collaboration",
      address       = "Geneva",
      reportNumber  = "CMS-PAS-LUM-15-001",
      year          = "2017",
      url           = "https://cds.cern.ch/record/2138682",
}


@misc{ashish_stb1,
  author        = {Ashish Sehrawat},
  title         = {PCC stability study with 2018 data},
  month         = {November},
  year          = {2021},
  publisher={BRIL DPG Meeting},
  url           = "https://indico.cern.ch/event/1099207/contributions/4625225/attachments/2351526/4011953/PCC_Stability_Study_23_11_2021.pdf",
}

@misc{ashish_stb2,
  author        = {Ashish Sehrawat},
  title         = {Reprocessed 2018 PCC data with new module vetoes},
  month         = {May},
  year          = {2022},
  publisher={LUM-20-001 authors meeting},
  url           = "https://indico.cern.ch/event/1157940/contributions/4862596/attachments/2437712/4176063/AshishSehrawat.pdf",
}

@article{bkg_source,
title = {Simulation of beam-induced backgrounds in comparison with data from the {CMS} pixel and other inner radii detectors},
journal = {Nuclear Instruments and Methods in Physics Research Section A: Accelerators, Spectrometers, Detectors and Associated Equipment},
volume = {650},
number = {1},
pages = {33-36},
year = {2011},
note = {International Workshop on Semiconductor Pixel Detectors for Particles and Imaging 2010},
doi = {https://doi.org/10.1016/j.nima.2010.11.082},
author = {S. Müller},
keywords = {LHC, CMS, Pixel, BCM, Machine background, Simulation, FLUKA},
abstract = {The response for pp-collisions and machine-induced background in CMS has been simulated with FLUKA.}
}


@thesis{elec_noise,
      author        = "Gu, Weihua",
      title         = "{Characterization of the CMS Pixel Detectors}",
      year          = "2002",
      url           = "http://cds.cern.ch/record/1293521",
}


@BIBNOTE{lumi_motiv,
  note = {M.L. Mangano, Motivations and precision targets for an accurate luminosity determination at the LHC, \emph{CERN-Proceedings-2011-011}, \url{https://cds.cern.ch/record/1347440}},
}



@BIBNOTE{test1,
  note = {Smith, P \& Benn, J 2012, This is a freeform reference, {\fontfamily{qcr}\selectfont
This text uses a different font typeface doi:  \url{https://tex.stackexchange.com/questions/250997/is-there-a-free-format-entry-in-bibtex}} Panamanian Journal of Toenail Clippings, \url{https://tex.stackexchange.com/questions/250997/is-there-a-free-format-entry-in-bibtex}},
}
