
  title={Search for invisible decays of a Higgs boson produced through vector boson fusion in proton-proton collisions at s= 13 TeV},
  author={Sirunyan, Albert M and Tumasyan, Armen and Adam, Wolfgang and Ambrogi, Federico and Asilar, Ece and Bergauer, Thomas and Brandstetter, Johannes and Dragicevic, Marko and Er{\"o}, Janos and Del Valle, A Escalante and others},
  journal={Physics Letters B},
  volume={793},
  pages={520--551},
  year={2019},
  publisher={Elsevier}
}

@article{nishiwaki2014tth,
  title={ttH anomalous coupling in double Higgs production},
  author={Nishiwaki, Kenji and Niyogi, Saurabh and Shivaji, Ambresh},
  journal={Journal of High Energy Physics},
  volume={2014},
  number={4},
  pages={11},
  year={2014},
  publisher={Springer}
}

@article{sirunyan2018search,
  title={Search for tt  Htt  H production in the all-jet final state in proton-proton collisions at $\sqrt{s}$ = 13 TeV},
  author={Sirunyan, AM and Kapoor, A and Dube, S and Hedge, V and Kothekar, K and Chauhan, S and Pandey, S and Sharma, S and Rane, A and CMS Collaboration and others},
  year={2018},
  publisher={Springer Verlag}
}


@article{sirunyan2019search,
  title={Search for associated production of a Higgs boson and a single top quark in proton-proton collisions at $\sqrt{s}$ = 13 TeV},
  author={Sirunyan, Albert M and Tumasyan, Armen and Adam, Wolfgang and Ambrogi, Federico and Asilar, Ece and Bergauer, Thomas and Brandstetter, Johannes and Dragicevic, Marko and Er{\"o}, Janos and Del Valle, A Escalante and others},
  journal={Physical Review D},
  volume={99},
  number={9},
  pages={092005},
  year={2019},
  publisher={APS}
}


@article{choudhury2019search,
  title={Search for associated production of a Higgs boson and a single top quark in proton-proton collisions at $\sqrt{s}$ = 13 TeV},
  author={Choudhury, S and Komaragiri, JR},
  journal={Physical Review D},
  volume={99},
  number={9},
  year={2019},
  publisher={Physical Review D}
}


@article{cms2018combined,
  title={Combined measurements of Higgs boson couplings in proton-proton collisions at $$\backslash$sqrt $\{$s$\}$= $13 TeV},
  author={CMS collaboration and others},
  journal={arXiv preprint arXiv:1809.10733},
  year={2018}
}

@article{cms2018search,
  title={Search for $$\backslash$mathrm $\{$t$\backslash$overline $\{$t$\}$$\}$ $ H production in the H $$\backslash$rightarrow $$$\backslash$mathrm $\{$b$\backslash$overline $\{$b$\}$$\}$ $ decay channel with leptonic $$\backslash$mathrm $\{$t$\backslash$overline $\{$t$\}$$\}$ $ decays in proton-proton collisions at $$\backslash$sqrt $\{$s$\}$= $13 TeV},
  author={CMS Collaboration and others},
  journal={arXiv preprint arXiv:1804.03682},
  year={2018}
}

@article{cms2018observation,
  title={Observation of $$\backslash$mathrm $\{$t$\backslash$overline $\{$t$\}$$\}$ $ H production},
  author={CMS collaboration and others},
  journal={arXiv preprint arXiv:1804.02610},
  year={2018}
}

@article{Khachatryan_2016,
   title={Search for the associated production of a Higgs boson with a single top quark in proton-proton collisions at $ \sqrt{s}$ = 8 TeV},
   volume={2016},
   ISSN={1029-8479},
   url={http://dx.doi.org/10.1007/JHEP06(2016)177},
   DOI={10.1007/jhep06(2016)177},
   number={6},
   journal={Journal of High Energy Physics},
   publisher={Springer Science and Business Media LLC},
   author={Khachatryan, V. and Sirunyan, A. M. and Tumasyan, A. and Adam, W. and Asilar, E. and Bergauer, T. and Brandstetter, J. and Brondolin, E. and Dragicevic, M. and et al.},
   year={2016},
   month={Jun}
}


@article{Aad_2016,
   title={Measurements of the Higgs boson production and decay rates and constraints on its couplings from a combined ATLAS and CMS analysis of the LHC pp collision data at $ \sqrt{s}$ = 7 and 8 TeV},
   volume={2016},
   ISSN={1029-8479},
   url={http://dx.doi.org/10.1007/JHEP08(2016)045},
   DOI={10.1007/jhep08(2016)045},
   number={8},
   journal={Journal of High Energy Physics},
   publisher={Springer Nature},
   author={Aad, G. and Abbott, B. and Abdallah, J. and Abdinov, O. and Abeloos, B. and Aben, R. and AbouZeid, O. S. and Abraham, N. L. and Abramowicz, H. and et al.},
   year={2016},
   month={Aug}
}

@article{Reece:2012gi,
      author         = "Reece, Matthew",
      title          = "{Vacuum Instabilities with a Wrong-Sign Higgs-Gluon-Gluon
                        Amplitude}",
      journal        = "New J. Phys.",
      volume         = "15",
      year           = "2013",
      pages          = "043003",
      doi            = "10.1088/1367-2630/15/4/043003",
      eprint         = "1208.1765",
      archivePrefix  = "arXiv",
      primaryClass   = "hep-ph",
      SLACcitation   = "%%CITATION = ARXIV:1208.1765;%%"
}

@article{Aad:2012tfa,
      author         = "Aad, Georges and others",
      title          = "{Observation of a new particle in the search for the
                        Standard Model Higgs boson with the ATLAS detector at the
                        LHC}",
      collaboration  = "ATLAS",
      journal        = "Phys. Lett.",
      volume         = "B716",
      year           = "2012",
      pages          = "1-29",
      doi            = "10.1016/j.physletb.2012.08.020",
      eprint         = "1207.7214",
      archivePrefix  = "arXiv",
      primaryClass   = "hep-ex",
      reportNumber   = "CERN-PH-EP-2012-218",
      SLACcitation   = "%%CITATION = ARXIV:1207.7214;%%"
}


@article{Chatrchyan:2012xdj,
      author         = "Chatrchyan, Serguei and others",
      title          = "{Observation of a New Boson at a Mass of 125 GeV with the
                        CMS Experiment at the LHC}",
      collaboration  = "CMS",
      journal        = "Phys. Lett.",
      volume         = "B716",
      year           = "2012",
      pages          = "30-61",
      doi            = "10.1016/j.physletb.2012.08.021",
      eprint         = "1207.7235",
      archivePrefix  = "arXiv",
      primaryClass   = "hep-ex",
      reportNumber   = "CMS-HIG-12-028, CERN-PH-EP-2012-220",
      SLACcitation   = "%%CITATION = ARXIV:1207.7235;%%"
}


@article{Chatrchyan:2008aa,
      author         = "Chatrchyan, S. and others",
      title          = "{The CMS Experiment at the CERN LHC}",
      collaboration  = "CMS",
      journal        = "JINST",
      volume         = "3",
      year           = "2008",
      pages          = "S08004",
      doi            = "10.1088/1748-0221/3/08/S08004",
      SLACcitation   = "%%CITATION = JINST,3,S08004;%%"
}


@article{collaborations2019report,
  title={Report on the Physics at the HL-LHC and Perspectives for the HE-LHC},
  author={Collaborations, CMS and others},
  journal={arXiv preprint arXiv:1902.10229},
  year={2019}
}

@article{farina2013lifting,
  title={Lifting degeneracies in Higgs couplings using single top production in association with a Higgs boson},
  author={Farina, Marco and Grojean, Christophe and Maltoni, Fabio and Salvioni, Ennio and Thamm, Andrea},
  journal={Journal of High Energy Physics},
  volume={2013},
  number={5},
  pages={22},
  year={2013},
  publisher={Springer}
}


@article{Sirunyan_2019,
	doi = {10.1016/j.physletb.2019.134811},
	url = {https://doi.org/10.1016%2Fj.physletb.2019.134811},
	year = 2019,
	month = {oct},
	publisher = {Elsevier {BV},
	volume = {797},
	pages = {134811},
	author = {Collaborations, CMS and others},
	title = {Search for Higgs and Z boson decays to J/$\uppsi$ or Y pairs in the four-muon final state in proton-proton collisions at $\less$mml:math xmlns:mml="http://www.w3.org/1998/Math/{MathML}" altimg="si1.svg"$\greater$$\less$mml:msqrt$\greater$$\less$mml:mrow$\greater$$\less$mml:mi$\greater$s$\less$/mml:mi$\greater$$\less$/mml:mrow$\greater$$\less$/mml:msqrt$\greater$$\less$mml:mo linebreak="goodbreak" linebreakstyle="after"$\greater$=$\less$/mml:mo$\greater$$\less$mml:mn$\greater$13$\less$/mml:mn$\greater$$\less$mml:mspace width="0.2em" /$\greater$$\less$mml:mtext$\greater${TeV}$\less$/mml:mtext$\greater$$\less$/mml:math$\greater$},
	journal = {Physics Letters B}
}


@article{Aad_2015,
	doi = {10.1103/physrevlett.114.121801},
  
	url = {https://doi.org/10.1103%2Fphysrevlett.114.121801},
  
	year = 2015,
	month = {mar},
  
	publisher = {American Physical Society ({APS})},
  
	volume = {114},
  
	number = {12},
  
	author  Duckeck and O.{\hspace{0.167em}}A. Ducu and D. Duda and A. Dudarev and L. Duflot and L. Duguid and M. Dührssen and M. Dunford and H. Duran Yildiz and M. Düren and A. Durglishvili and D. Duschinger and M. Dwuznik and M. Dyndal and W. Edson and N.{\hspace{0.167em}}C. Edwards and W. Ehrenfeld and T. Eifert and G. Eigen and K. Einsweiler and T. Ekelof and M. El Kacimi and M. Ellert and S. Elles and F. Ellinghaus and A.{\hspace{0.167em}}A. Elliot and N. Ellis and J. Elmsheuser and M. Elsing and D. Emeliyanov and Y. Enari and O.{\hspace{0.167em}}C. Endner and M. Endo and R. Engelmann and J. Erdmann and A. Ereditato and D. Eriksson and G. Ernis and J. Ernst and M. Ernst and S. Errede and E. Ertel and M. Escalier and H. Esch and C. Escobar and B. Esposito and A.{\hspace{0.167em}}I. Etienvre and E. Etzion and H. Evans and A. Ezhilov and L. Fabbri and G. Facini and R.{\hspace{0.167em}}M. Fakhrutdinov and S. Falciano and R.{\hspace{0.167em}}J. Falla and J. Faltova and Y. Fang and M. Fanti and A. Farbin and A. Farilla and T. Farooque and S. Farrell and S.{\hspace{0.167em}}M. Farrington and P. Farthouat and F. Fassi and P. Fassnacht and D. Fassouliotis and A. Favareto and L. Fayard and P. Federic and O.{\hspace{0.167em}}L. Fedin and W. Fedorko and S. Feigl and L. Feligioni and C. Feng and E.{\hspace{0.167em}}J. Feng and H. Feng and A.{\hspace{0.167em}}B. Fenyuk and P. Fernandez Martinez and S. Fernandez Perez and S. Ferrag and J. Ferrando and A. Ferrari and P. Ferrari and R. Ferrari and D.{\hspace{0.167em}}E. Ferreira de Lima and A. Ferrer and D. Ferrere and C. Ferretti and A. Ferretto Parodi and M. Fiascaris and F. Fiedler and A. Filip{\v{c}}i{\v{c}} and M. Filipuzzi and F. Filthaut and M. Fincke-Keeler and K.{\hspace{0.167em}}D. Finelli and M.{\hspace{0.167em}}C.{\hspace{0.167em}}N. Fiolhais and L. Fiorini and A. Firan and A. Fischer and C. Fischer and J. Fischer and W.{\hspace{0.167em}}C. Fisher and E.{\hspace{0.167em}}A. Fitzgerald and M. Flechl and I. Fleck and P. Fleischmann and S. Fleischmann and G.{\hspace{0.167em}}T. Fletcher and G. Fletcher and T. Flick and A. Floderus and L.{\hspace{0.167em}}R. Flores Castillo and M.{\hspace{0.167em}}J. Flowerdew and A. Formica and A. Forti and D. Fournier and H. Fox and S. Fracchia and P. Francavilla and M. Franchini and D. Francis and L. Franconi and M. Franklin and M. Fraternali and D. Freeborn and S.{\hspace{0.167em}}T. French and F. Friedrich and D. Froidevaux and J.{\hspace{0.167em}}A. Frost and C. Fukunaga and E. Fullana Torregrosa and B.{\hspace{0.167em}}G. Fulsom and J. Fuster and C. Gabaldon and O. Gabizon and A. Gabrielli and A. Gabrielli and S. Gadatsch and S. Gadomski and G. Gagliardi and P. Gagnon and C. Galea and B. Galhardo and E.{\hspace{0.167em}}J. Gallas and B.{\hspace{0.167em}}J. Gallop and P. Gallus and G. Galster and K.{\hspace{0.167em}}K. Gan and J. Gao and Y.{\hspace{0.167em}}S. Gao and F.{\hspace{0.167em}}M. Garay Walls and F. Garberson and C. Garc{\'{\i}}a and J.{\hspace{0.167em}}E. Garc{\'{\i}}a Navarro and M. Garcia-Sciveres and R.{\hspace{0.167em}}W. Gardner and N. Garelli and V. Garonne and C. Gatti and G. Gaudio and B. Gaur and L. Gauthier and P. Gauzzi and I.{\hspace{0.167em}}L. Gavrilenko and C. Gay and G. Gaycken and E.{\hspace{0.167em}}N. Gazis and P. Ge and Z. Gecse and C.{\hspace{0.167em}}N.{\hspace{0.167em}}P. Gee and D.{\hspace{0.167em}}A.{\hspace{0.167em}}A. Geerts and Ch. Geich-Gimbel and C. Gemme and M.{\hspace{0.167em}}H. Genest and S. Gentile and M. George and S. George and D. Gerbaudo and A. Gershon and H. Ghazlane and N. Ghodbane and B. Giacobbe and S. Giagu and V. Giangiobbe and P. Giannetti and F. Gianotti and B. Gibbard and S.{\hspace{0.167em}}M. Gibson and M. Gilchriese and T.{\hspace{0.167em}}P.{\hspace{0.167em}}S. Gillam and D. Gillberg and G. Gilles and D.{\hspace{0.167em}}M. Gingrich and N. Giokaris and M.{\hspace{0.167em}}P. Giordani and F.{\hspace{0.167em}}M. Giorgi and F.{\hspace{0.167em}}M. Giorgi and P.{\hspace{0.167em}}F. Giraud and D. Giugni and C. Giuliani and M. Giulini and B.{\hspace{0.167em}}K. Gjelsten and S. Gkaitatzis and I. Gkialas and E.{\hspace{0.167em}}L. Gkougkousis and L.{\hspace{0.167em}}K. Gladilin and C. Glasman and J. Glatzer and P.{\hspace{0.167em}}C.{\hspace{0.167em}}F. Glaysher and A. Glazov and M. Goblirsch-Kolb and J.{\hspace{0.167em}}R. Goddard and J. Godlewski and S. Goldfarb and T. Golling and D. Golubkov and A. Gomes and R. Gon{\c{c}}alo and J. Goncalves Pinto Firmino Da Costa and L. Gonella and S. Gonz{\'{a}}lez de la Hoz and G. Gonzalez Parra and S. Gonzalez-Sevilla and L. Goossens and P.{\hspace{0.167em}}A. Gorbounov and H.{\hspace{0.167em}}A. Gordon and I. Gorelov and B. Gorini and E. Gorini and A. Gori{\v{s}}ek and E. Gornicki and A.{\hspace{0.167em}}T. Goshaw and C. Gössling and M.{\hspace{0.167em}}I. Gostkin and M. Gouighri and D. Goujdami and A.{\hspace{0.167em}}G. Goussiou and H.{\hspace{0.167em}}M.{\hspace{0.167em}}X. Grabas and L. Graber and I. Grabowska-Bold and P. Grafström and K-J. Grahn and J. Gramling and E. Gramstad and S. Grancagnolo and V. Grassi and V. Gratchev and H.{\hspace{0.167em}}M. Gray and E. Graziani and Z.{\hspace{0.167em}}D. Greenwood and K. Gregersen and I.{\hspace{0.167em}}M. Gregor and P. Grenier and J. Griffiths and A.{\hspace{0.167em}}A. Grillo and K. Grimm and S. Grinstein and Ph. Gris and Y.{\hspace{0.167em}}V. Grishkevich and J.-F. Grivaz and J.{\hspace{0.167em}}P. Grohs and A. Grohsjean and E. Gross and J. Grosse-Knetter and G.{\hspace{0.167em}}C. Grossi and Z.{\hspace{0.167em}}J. Grout and L. Guan and J. Guenther and F. Guescini and D. Guest and O. Gueta and E. Guido and T. Guillemin and S. Guindon and U. Gul and C. Gumpert and J. Guo and S. Gupta and P. Gutierrez and N.{\hspace{0.167em}}G. Gutierrez Ortiz and C. Gutschow and N. Guttman and C. Guyot and C. Gwenlan and C.{\hspace{0.167em}}B. Gwilliam and A. Haas and C. Haber and H.{\hspace{0.167em}}K. Hadavand and N. Haddad and P. Haefner and S. Hageböck and Z. Hajduk and H. Hakobyan and M. Haleem and J. Haley and D. Hall and G. Halladjian and G.{\hspace{0.167em}}D. Hallewell and K. Hamacher and P. Hamal and K. Hamano and M. Hamer and A. Hamilton and S. Hamilton and G.{\hspace{0.167em}}N. Hamity and P.{\hspace{0.167em}}G. Hamnett and L. Han and K. Hanagaki and K. Hanawa and M. Hance and P. Hanke and R. Hanna and J.{\hspace{0.167em}}B. Hansen and J.{\hspace{0.167em}}D. Hansen and P.{\hspace{0.167em}}H. Hansen and K. Hara and A.{\hspace{0.167em}}S. Hard and T. Harenberg and F. Hariri and S. Harkusha and R.{\hspace{0.167em}}D. Harrington and P.{\hspace{0.167em}}F. Harrison and F. Hartjes and M. Hasegawa and S. Hasegawa and Y. Hasegawa and A. Hasib and S. Hassani and S. Haug and R. Hauser and L. Hauswald and M. Havranek and C.{\hspace{0.167em}}M. Hawkes and R.{\hspace{0.167em}}J. Hawkings and A.{\hspace{0.167em}}D. Hawkins and T. Hayashi and D. Hayden and C.{\hspace{0.167em}}P. Hays and J.{\hspace{0.167em}}M. Hays and H.{\hspace{0.167em}}S. Hayward and S.{\hspace{0.167em}}J. Haywood and S.{\hspace{0.167em}}J. Head and T. Heck and V. Hedberg and L. Heelan and S. Heim and T. Heim and B. Heinemann and L. Heinrich and J. Hejbal and L. Helary and M. Heller and S. Hellman and D. Hellmich and C. Helsens and J. Henderson and R.{\hspace{0.167em}}C.{\hspace{0.167em}}W. Henderson and Y. Heng and C. Hengler and A. Henrichs and A.{\hspace{0.167em}}M. Henriques Correia and S. Henrot-Versille and G.{\hspace{0.167em}}H. Herbert and Y. Hern{\'{a}}ndez Jim{\'{e}}nez and R. Herrberg-Schubert and G. Herten and R. Hertenberger and L. Hervas and G.{\hspace{0.167em}}G. Hesketh and N.{\hspace{0.167em}}P. Hessey and R. Hickling and E. Hig{\'{o}}n-Rodriguez and E. Hill and J.{\hspace{0.167em}}C. Hill and K.{\hspace{0.167em}}H. Hiller and S.{\hspace{0.167em}}J. Hillier and I. Hinchliffe and E. Hines and R.{\hspace{0.167em}}R. Hinman and M. Hirose and D. Hirschbuehl and J. Hobbs and N. Hod and M.{\hspace{0.167em}}C. Hodgkinson and P. Hodgson and A. Hoecker and M.{\hspace{0.167em}}R. Hoeferkamp and F. Hoenig and M. Hohlfeld and T.{\hspace{0.167em}}R. Holmes and T.{\hspace{0.167em}}M. Hong and L. Hooft van Huysduynen and W.{\hspace{0.167em}}H. Hopkins and Y. Horii and A.{\hspace{0.167em}}J. Horton and J-Y. Hostachy and S. Hou and A. Hoummada and J. Howard and J. Howarth and M. Hrabovsky and I. Hristova and J. Hrivnac and T. Hryn'ova and A. Hrynevich and C. Hsu and P.{\hspace{0.167em}}J. Hsu and S.-C. Hsu and D. Hu and Q. Hu and X. Hu and Y. Huang and Z. Hubacek and F. Hubaut and F. Huegging and T.{\hspace{0.167em}}B. Huffman and E.{\hspace{0.167em}}W. Hughes and G. Hughes and M. Huhtinen and T.{\hspace{0.167em}}A. Hülsing and N. Huseynov and J. Huston and J. Huth and G. Iacobucci and G. Iakovidis and I. Ibragimov and L. Iconomidou-Fayard and E. Ideal and Z. Idrissi and P. Iengo and O. Igonkina and T. Iizawa and Y. Ikegami and K. Ikematsu and M. Ikeno and Y. Ilchenko and D. Iliadis and N. Ilic and Y. Inamaru and T. Ince and P. Ioannou and M. Iodice and K. Iordanidou and V. Ippolito and A. Irles Quiles and C. Isaksson and M. Ishino and M. Ishitsuka and R. Ishmukhametov and C. Issever and S. Istin and J.{\hspace{0.167em}}M. Iturbe Ponce and R. Iuppa and J. Ivarsson and W. Iwanski and H. Iwasaki and J.{\hspace{0.167em}}M. Izen and V. Izzo and B. Jackson and M. Jackson and P. Jackson and M.{\hspace{0.167em}}R. Jaekel and V. Jain and K. Jakobs and S. Jakobsen and T. Jakoubek and J. Jakubek and D.{\hspace{0.167em}}O. Jamin and D.{\hspace{0.167em}}K. Jana and E. Jansen and R.{\hspace{0.167em}}W. Jansky and J. Janssen and M. Janus and G. Jarlskog and N. Javadov and T. Jav{\r{u}}rek and L. Jeanty and J. Jejelava and G.-Y. Jeng and D. Jennens and P. Jenni and J. Jentzsch and C. Jeske and S. J{\'{e}}z{\'{e}}quel and H. Ji and J. Jia and Y. Jiang and J. Jimenez Pena and S. Jin and A. Jinaru and O. Jinnouchi and M.{\hspace{0.167em}}D. Joergensen and P. Johansson and K.{\hspace{0.167em}}A. Johns and K. Jon-And and G. Jones and R.{\hspace{0.167em}}W.{\hspace{0.167em}}L. Jones and T.{\hspace{0.167em}}J. Jones and J. Jongmanns and P.{\hspace{0.167em}}M. Jorge and K.{\hspace{0.167em}}D. Joshi and J. Jovicevic and X. Ju and C.{\hspace{0.167em}}A. Jung and P. Jussel and A. Juste Rozas and M. Kaci and A. Kaczmarska and M. Kado and H. Kagan and M. Kagan and S.{\hspace{0.167em}}J. Kahn and E. Kajomovitz and C.{\hspace{0.167em}}W. Kalderon and S. Kama and A. Kamenshchikov and N. Kanaya and M. Kaneda and S. Kaneti and V.{\hspace{0.167em}}A. Kantserov and J. Kanzaki and B. Kaplan and A. Kapliy and D. Kar and K. Karakostas and A. Karamaoun and N. Karastathis and M.{\hspace{0.167em}}J. Kareem and M. Karnevskiy and S.{\hspace{0.167em}}N. Karpov and Z.{\hspace{0.167em}}M. Karpova and K. Karthik and V. Kartvelishvili and A.{\hspace{0.167em}}N. Karyukhin and L. Kashif and R.{\hspace{0.167em}}D. Kass and A. Kastanas and Y. Kataoka and A. Katre and J. Katzy and K. Kawagoe and T. Kawamoto and G. Kawamura and S. Kazama and V.{\hspace{0.167em}}F. Kazanin and M.{\hspace{0.167em}}Y. Kazarinov and R. Keeler and R. Kehoe and M. Keil and J.{\hspace{0.167em}}S. Keller and J.{\hspace{0.167em}}J. Kempster and H. Keoshkerian and O. Kepka and B.{\hspace{0.167em}}P. Ker{\v{s}}evan and S. Kersten and R.{\hspace{0.167em}}A. Keyes and F. Khalil-zada and H. Khandanyan and A. Khanov and A. Kharlamov and A. Khodinov and A. Khomich and T.{\hspace{0.167em}}J. Khoo and G. Khoriauli and V. Khovanskiy and E. Khramov and J. Khubua and H.{\hspace{0.167em}}Y. Kim and H. Kim and S.{\hspace{0.167em}}H. Kim and N. Kimura and O. Kind and B.{\hspace{0.167em}}T. King and M. King and R.{\hspace{0.167em}}S.{\hspace{0.167em}}B. King and S.{\hspace{0.167em}}B. King and J. Kirk and A.{\hspace{0.167em}}E. Kiryunin and T. Kishimoto and D. Kisielewska and F. Kiss and K. Kiuchi and E. Kladiva and M.{\hspace{0.167em}}H. Klein and M. Klein and U. Klein and K. Kleinknecht and P. Klimek and A. Klimentov and R. Klingenberg and J.{\hspace{0.167em}}A. Klinger and T. Klioutchnikova and P.{\hspace{0.167em}}F. Klok and E.-E. Kluge and P. Kluit and S. Kluth and E. Kneringer and E.{\hspace{0.167em}}B.{\hspace{0.167em}}F.{\hspace{0.167em}}G. Knoops and A. Knue and D. Kobayashi and T. Kobayashi and M. Kobel and M. Kocian and P. Kodys and T. Koffas and E. Koffeman and L.{\hspace{0.167em}}A. Kogan and S. Kohlmann and Z. Kohout and T. Kohriki and T. Koi and H. Kolanoski and I. Koletsou and A.{\hspace{0.167em}}A. Komar and Y. Komori and T. Kondo and N. Kondrashova and K. Köneke and A.{\hspace{0.167em}}C. König and S. König and T. Kono and R. Konoplich and N. Konstantinidis and R. Kopeliansky and S. Koperny and L. Köpke and A.{\hspace{0.167em}}K. Kopp and K. Korcyl and K. Kordas and A. Korn and A.{\hspace{0.167em}}A. Korol and I. Korolkov and E.{\hspace{0.167em}}V. Korolkova and O. Kortner and S. Kortner and T. Kosek and V.{\hspace{0.167em}}V. Kostyukhin and V.{\hspace{0.167em}}M. Kotov and A. Kotwal and A. Kourkoumeli-Charalampidi and C. Kourkoumelis and V. Kouskoura and A. Koutsman and R. Kowalewski and T.{\hspace{0.167em}}Z. Kowalski and W. Kozanecki and A.{\hspace{0.167em}}S. Kozhin and V.{\hspace{0.167em}}A. Kramarenko and G. Kramberger and D. Krasnopevtsev and M.{\hspace{0.167em}}W. Krasny and A. Krasznahorkay and J.{\hspace{0.167em}}K. Kraus and A. Kravchenko and S. Kreiss and M. Kretz and J. Kretzschmar and K. Kreutzfeldt and P. Krieger and K. Krizka and K. Kroeninger and H. Kroha and J. Kroll and J. Kroseberg and J. Krstic and U. Kruchonak and H. Krüger and N. Krumnack and Z.{\hspace{0.167em}}V. Krumshteyn and A. Kruse and M.{\hspace{0.167em}}C. Kruse and M. Kruskal and T. Kubota and H. Kucuk and S. Kuday and S. Kuehn and A. Kugel and F. Kuger and A. Kuhl and T. Kuhl and V. Kukhtin and Y. Kulchitsky and S. Kuleshov and M. Kuna and T. Kunigo and A. Kupco and H. Kurashige and Y.{\hspace{0.167em}}A. Kurochkin and R. Kurumida and V. Kus and E.{\hspace{0.167em}}S. Kuwertz and M. Kuze and J. Kvita and T. Kwan and D. Kyriazopoulos and A. La Rosa and J.{\hspace{0.167em}}L. La Rosa Navarro and L. La Rotonda and C. Lacasta and F. Lacava and J. Lacey and H. Lacker and D. Lacour and V.{\hspace{0.167em}}R. Lacuesta and E. Ladygin and R. Lafaye and B. Laforge and T. Lagouri and S. Lai and L. Lambourne and S. Lammers and C.{\hspace{0.167em}}L. Lampen and W. Lampl and E. Lan{\c{c}}on and U. Landgraf and M.{\hspace{0.167em}}P.{\hspace{0.167em}}J. Landon and V.{\hspace{0.167em}}S. Lang and A.{\hspace{0.167em}}J. Lankford and F. Lanni and K. Lantzsch and S. Laplace and C. Lapoire and J.{\hspace{0.167em}}F. Laporte and T. Lari and F. Lasagni Manghi and M. Lassnig and P. Laurelli and W. Lavrijsen and A.{\hspace{0.167em}}T. Law and P. Laycock and O. Le Dortz and E. Le Guirriec and E. Le Menedeu and T. LeCompte and F. Ledroit-Guillon and C.{\hspace{0.167em}}A. Lee and S.{\hspace{0.167em}}C. Lee and L. Lee and G. Lefebvre and M. Lefebvre and F. Legger and C. Leggett and A. Lehan and G. Lehmann Miotto and X. Lei and W.{\hspace{0.167em}}A. Leight and A. Leisos and A.{\hspace{0.167em}}G. Leister and M.{\hspace{0.167em}}A.{\hspace{0.167em}}L. Leite and R. Leitner and D. Lellouch and B. Lemmer and K.{\hspace{0.167em}}J.{\hspace{0.167em}}C. Leney and T. Lenz and G. Lenzen and B. Lenzi and R. Leone and S. Leone and C. Leonidopoulos and S. Leontsinis and C. Leroy and C.{\hspace{0.167em}}G. Lester and M. Levchenko and J. Lev{\^{e}}que and D. Levin and L.{\hspace{0.167em}}J. Levinson and M. Levy and A. Lewis and A.{\hspace{0.167em}}M. Leyko and M. Leyton and B. Li and B. Li and H. Li and H.{\hspace{0.167em}}L. Li and L. Li and L. Li and S. Li and Y. Li and Z. Liang and H. Liao and B. Liberti and P. Lichard and K. Lie and J. Liebal and W. Liebig and C. Limbach and A. Limosani and S.{\hspace{0.167em}}C. Lin and T.{\hspace{0.167em}}H. Lin and F. Linde and B.{\hspace{0.167em}}E. Lindquist and J.{\hspace{0.167em}}T. Linnemann and E. Lipeles and A. Lipniacka and M. Lisovyi and T.{\hspace{0.167em}}M. Liss and D. Lissauer and A. Lister and A.{\hspace{0.167em}}M. Litke and B. Liu and D. Liu and J. Liu and J.{\hspace{0.167em}}B. Liu and K. Liu and L. Liu and M. Liu and M. Liu and Y. Liu and M. Livan and A. Lleres and J. Llorente Merino and S.{\hspace{0.167em}}L. Lloyd and F. Lo Sterzo and E. Lobodzinska and P. Loch and W.{\hspace{0.167em}}S. Lockman and F.{\hspace{0.167em}}K. Loebinger and A.{\hspace{0.167em}}E. Loevschall-Jensen and A. Loginov and T. Lohse and K. Lohwasser and M. Lokajicek and B.{\hspace{0.167em}}A. Long and J.{\hspace{0.167em}}D. Long and R.{\hspace{0.167em}}E. Long and K.{\hspace{0.167em}}A. Looper and L. Lopes and D. Lopez Mateos and B. Lopez Paredes and I. Lopez Paz and J. Lorenz and N. Lorenzo Martinez and M. Losada and P. Loscutoff and P.{\hspace{0.167em}}J. Lösel and X. Lou and A. Lounis and J. Love and P.{\hspace{0.167em}}A. Love and F. Lu and N. Lu and H.{\hspace{0.167em}}J. Lubatti and C. Luci and A. Lucotte and F. Luehring and W. Lukas and L. Luminari and O. Lundberg and B. Lund-Jensen and M. Lungwitz and D. Lynn and R. Lysak and E. Lytken and H. Ma and L.{\hspace{0.167em}}L. Ma and G. Maccarrone and A. Macchiolo and J. Machado Miguens and D. Macina and D. Madaffari and R. Madar and H.{\hspace{0.167em}}J. Maddocks and W.{\hspace{0.167em}}F. Mader and A. Madsen and T. Maeno and A. Maevskiy and E. Magradze and K. Mahboubi and J. Mahlstedt and S. Mahmoud and C. Maiani and C. Maidantchik and A.{\hspace{0.167em}}A. Maier and T. Maier and A. Maio and S. Majewski and Y. Makida and N. Makovec and B. Malaescu and Pa. Malecki and V.{\hspace{0.167em}}P. Maleev and F. Malek and U. Mallik and D. Malon and C. Malone and S. Maltezos and V.{\hspace{0.167em}}M. Malyshev and S. Malyukov and J. Mamuzic and B. Mandelli and L. Mandelli and I. Mandi{\'{c}} and R. Mandrysch and J. Maneira and A. Manfredini and L. Manhaes de Andrade Filho and J. Manjarres Ramos and A. Mann and P.{\hspace{0.167em}}M. Manning and A. Manousakis-Katsikakis and B. Mansoulie and R. Mantifel and M. Mantoani and L. Mapelli and L. March and G. Marchiori and M. Marcisovsky and C.{\hspace{0.167em}}P. Marino and M. Marjanovic and F. Marroquim and S.{\hspace{0.167em}}P. Marsden and Z. Marshall and L.{\hspace{0.167em}}F. Marti and S. Marti-Garcia and B. Martin and T.{\hspace{0.167em}}A. Martin and V.{\hspace{0.167em}}J. Martin and B. Martin dit Latour and H. Martinez and M. Martinez and S. Martin-Haugh and A.{\hspace{0.167em}}C. Martyniuk and M. Marx and F. Marzano and A. Marzin and L. Masetti and T. Mashimo and R. Mashinistov and J. Masik and A.{\hspace{0.167em}}L. Maslennikov and I. Massa and L. Massa and N. Massol and P. Mastrandrea and A. Mastroberardino and T. Masubuchi and P. Mättig and J. Mattmann and J. Maurer and S.{\hspace{0.167em}}J. Maxfield and D.{\hspace{0.167em}}A. Maximov and R. Mazini and S.{\hspace{0.167em}}M. Mazza and L. Mazzaferro and G. Mc Goldrick and S.{\hspace{0.167em}}P. Mc Kee and A. McCarn and R.{\hspace{0.167em}}L. McCarthy and T.{\hspace{0.167em}}G. McCarthy and N.{\hspace{0.167em}}A. McCubbin and K.{\hspace{0.167em}}W. McFarlane and J.{\hspace{0.167em}}A. Mcfayden and G. Mchedlidze and S.{\hspace{0.167em}}J. McMahon and R.{\hspace{0.167em}}A. McPherson and J. Mechnich and M. Medinnis and S. Meehan and S. Mehlhase and A. Mehta and K. Meier and C. Meineck and B. Meirose and C. Melachrinos and B.{\hspace{0.167em}}R. Mellado Garcia and F. Meloni and A. Mengarelli and S. Menke and E. Meoni and K.{\hspace{0.167em}}M. Mercurio and S. Mergelmeyer and N. Meric and P. Mermod and L. Merola and C. Meroni and F.{\hspace{0.167em}}S. Merritt and H. Merritt and A. Messina and J. Metcalfe and A.{\hspace{0.167em}}S. Mete and C. Meyer and C. Meyer and J-P. Meyer and J. Meyer and R.{\hspace{0.167em}}P. Middleton and S. Migas and S. Miglioranzi and L. Mijovi{\'{c}} and G. Mikenberg and M. Mikestikova and M. Miku{\v{z}} and A. Milic and D.{\hspace{0.167em}}W. Miller and C. Mills and A. Milov and D.{\hspace{0.167em}}A. Milstead and A.{\hspace{0.167em}}A. Minaenko and Y. Minami and I.{\hspace{0.167em}}A. Minashvili and A.{\hspace{0.167em}}I. Mincer and B. Mindur and M. Mineev and Y. Ming and L.{\hspace{0.167em}}M. Mir and G. Mirabelli and T. Mitani and J. Mitrevski and V.{\hspace{0.167em}}A. Mitsou and A. Miucci and P.{\hspace{0.167em}}S. Miyagawa and J.{\hspace{0.167em}}U. Mjörnmark and T. Moa and K. Mochizuki and S. Mohapatra and W. Mohr and S. Molander and R. Moles-Valls and K. Mönig and C. Monini and J. Monk and E. Monnier and J. Montejo Berlingen and F. Monticelli and S. Monzani and R.{\hspace{0.167em}}W. Moore and N. Morange and D. Moreno and M. Moreno Ll{\'{a}}cer and P. Morettini and M. Morgenstern and M. Morii and V. Morisbak and S. Moritz and A.{\hspace{0.167em}}K. Morley and G. Mornacchi and J.{\hspace{0.167em}}D. Morris and A. Morton and L. Morvaj and H.{\hspace{0.167em}}G. Moser and M. Mosidze and J. Moss and K. Motohashi and R. Mount and E. Mountricha and S.{\hspace{0.167em}}V. Mouraviev and E.{\hspace{0.167em}}J.{\hspace{0.167em}}W. Moyse and S. Muanza and R.{\hspace{0.167em}}D. Mudd and F. Mueller and J. Mueller and K. Mueller and R.{\hspace{0.167em}}S.{\hspace{0.167em}}P. Mueller and T. Mueller and D. Muenstermann and P. Mullen and Y. Munwes and J.{\hspace{0.167em}}A. Murillo Quijada and W.{\hspace{0.167em}}J. Murray and H. Musheghyan and E. Musto and A.{\hspace{0.167em}}G. Myagkov and M. Myska and O. Nackenhorst and J. Nadal and K. Nagai and R. Nagai and Y. Nagai and K. Nagano and A. Nagarkar and Y. Nagasaka and K. Nagata and M. Nagel and E. Nagy and A.{\hspace{0.167em}}M. Nairz and Y. Nakahama and K. Nakamura and T. Nakamura and I. Nakano and H. Namasivayam and G. Nanava and R.{\hspace{0.167em}}F. Naranjo Garcia and R. Narayan and T. Nattermann and T. Naumann and G. Navarro and R. Nayyar and H.{\hspace{0.167em}}A. Neal and P.{\hspace{0.167em}}Yu. Nechaeva and T.{\hspace{0.167em}}J. Neep and P.{\hspace{0.167em}}D. Nef and A. Negri and M. Negrini and S. Nektarijevic and C. Nellist and A. Nelson and S. Nemecek and P. Nemethy and A.{\hspace{0.167em}}A. Nepomuceno and M. Nessi and M.{\hspace{0.167em}}S. Neubauer and M. Neumann and R.{\hspace{0.167em}}M. Neves and P. Nevski and P.{\hspace{0.167em}}R. Newman and D.{\hspace{0.167em}}H. Nguyen and R.{\hspace{0.167em}}B. Nickerson and R. Nicolaidou and B. Nicquevert and J. Nielsen and N. Nikiforou and A. Nikiforov and V. Nikolaenko and I. Nikolic-Audit and K. Nikolopoulos and P. Nilsson and Y. Ninomiya and A. Nisati and R. Nisius and T. Nobe and M. Nomachi and I. Nomidis and T. Nooney and S. Norberg and M. Nordberg and O. Novgorodova and S. Nowak and M. Nozaki and L. Nozka and K. Ntekas and G. Nunes Hanninger and T. Nunnemann and E. Nurse and F. Nuti and B.{\hspace{0.167em}}J. O'Brien and F. O'grady and D.{\hspace{0.167em}}C. O'Neil and V. O'Shea and F.{\hspace{0.167em}}G. Oakham and H. Oberlack and T. Obermann and J. Ocariz and A. Ochi and I. Ochoa and S. Oda and S. Odaka and H. Ogren and A. Oh and S.{\hspace{0.167em}}H. Oh and C.{\hspace{0.167em}}C. Ohm and H. Ohman and H. Oide and W. Okamura and H. Okawa and Y. Okumura and T. Okuyama and A. Olariu and A.{\hspace{0.167em}}G. Olchevski and S.{\hspace{0.167em}}A. Olivares Pino and D. Oliveira Damazio and E. Oliver Garcia and A. Olszewski and J. Olszowska and A. Onofre and P.{\hspace{0.167em}}U.{\hspace{0.167em}}E. Onyisi and C.{\hspace{0.167em}}J. Oram and M.{\hspace{0.167em}}J. Oreglia and Y. Oren and D. Orestano and N. Orlando and C. Oropeza Barrera and R.{\hspace{0.167em}}S. Orr and B. Osculati and R. Ospanov and G. Otero y Garzon and H. Otono and M. Ouchrif and E.{\hspace{0.167em}}A. Ouellette and F. Ould-Saada and A. Ouraou and K.{\hspace{0.167em}}P. Oussoren and Q. Ouyang and A. Ovcharova and M. Owen and V.{\hspace{0.167em}}E. Ozcan and N. Ozturk and K. Pachal and A. Pacheco Pages and C. Padilla Aranda and M. Pag{\'{a}}{\v{c}}ov{\'{a}} and S. Pagan Griso and E. Paganis and C. Pahl and F. Paige and P. Pais and K. Pajchel and G. Palacino and S. Palestini and M. Palka and D. Pallin and A. Palma and Y.{\hspace{0.167em}}B. Pan and E. Panagiotopoulou and C.{\hspace{0.167em}}E. Pandini and J.{\hspace{0.167em}}G. Panduro Vazquez and P. Pani and N. Panikashvili and S. Panitkin and L. Paolozzi and Th.{\hspace{0.167em}}D. Papadopoulou and K. Papageorgiou and A. Paramonov and D. Paredes Hernandez and M.{\hspace{0.167em}}A. Parker and K.{\hspace{0.167em}}A. Parker and F. Parodi and J.{\hspace{0.167em}}A. Parsons and U. Parzefall and E. Pasqualucci and S. Passaggio and F. Pastore and Fr. Pastore and G. P{\'{a}}sztor and S. Pataraia and N.{\hspace{0.167em}}D. Patel and J.{\hspace{0.167em}}R. Pater and T. Pauly and J. Pearce and L.{\hspace{0.167em}}E. Pedersen and M. Pedersen and S. Pedraza Lopez and R. Pedro and S.{\hspace{0.167em}}V. Peleganchuk and D. Pelikan and H. Peng and B. Penning and J. Penwell and D.{\hspace{0.167em}}V. Perepelitsa and E. Perez Codina and M.{\hspace{0.167em}}T. P{\'{e}}rez Garc{\'{\i}}a-Esta{\~{n}} and L. Perini and H. Pernegger and S. Perrella and R. Peschke and V.{\hspace{0.167em}}D. Peshekhonov and K. Peters and R.{\hspace{0.167em}}F.{\hspace{0.167em}}Y. Peters and B.{\hspace{0.167em}}A. Petersen and T.{\hspace{0.167em}}C. Petersen and E. Petit and A. Petridis and C. Petridou and E. Petrolo and F. Petrucci and N.{\hspace{0.167em}}E. Pettersson and R. Pezoa and P.{\hspace{0.167em}}W. Phillips and G. Piacquadio and E. Pianori and A. Picazio and E. Piccaro and M. Piccinini and M.{\hspace{0.167em}}A. Pickering and R. Piegaia and D.{\hspace{0.167em}}T. Pignotti and J.{\hspace{0.167em}}E. Pilcher and A.{\hspace{0.167em}}D. Pilkington and J. Pina and M. Pinamonti and J.{\hspace{0.167em}}L. Pinfold and A. Pingel and B. Pinto and S. Pires and M. Pitt and C. Pizio and L. Plazak and M.-A. Pleier and V. Pleskot and E. Plotnikova and P. Plucinski and D. Pluth and R. Poettgen and L. Poggioli and D. Pohl and G. Polesello and A. Policicchio and R. Polifka and A. Polini and C.{\hspace{0.167em}}S. Pollard and V. Polychronakos and K. Pomm{\`{e}}s and L. Pontecorvo and B.{\hspace{0.167em}}G. Pope and G.{\hspace{0.167em}}A. Popeneciu and D.{\hspace{0.167em}}S. Popovic and A. Poppleton and S. Pospisil and K. Potamianos and I.{\hspace{0.167em}}N. Potrap and C.{\hspace{0.167em}}J. Potter and C.{\hspace{0.167em}}T. Potter and G. Poulard and J. Poveda and V. Pozdnyakov and P. Pralavorio and A. Pranko and S. Prasad and S. Prell and D. Price and J. Price and L.{\hspace{0.167em}}E. Price and M. Primavera and S. Prince and M. Proissl and K. Prokofiev and F. Prokoshin and E. Protopapadaki and S. Protopopescu and J. Proudfoot and M. Przybycien and E. Ptacek and D. Puddu and E. Pueschel and D. Puldon and M. Purohit and P. Puzo and J. Qian and G. Qin and Y. Qin and A. Quadt and D.{\hspace{0.167em}}R. Quarrie and W.{\hspace{0.167em}}B. Quayle and M. Queitsch-Maitland and D. Quilty and A. Qureshi and V. Radeka and V. Radescu and S.{\hspace{0.167em}}K. Radhakrishnan and P. Radloff and P. Rados and F. Ragusa and G. Rahal and S. Rajagopalan and M. Rammensee and C. Rangel-Smith and F. Rauscher and S. Rave and T.{\hspace{0.167em}}C. Rave and T. Ravenscroft and M. Raymond and A.{\hspace{0.167em}}L. Read and N.{\hspace{0.167em}}P. Readioff and D.{\hspace{0.167em}}M. Rebuzzi and A. Redelbach and G. Redlinger and R. Reece and K. Reeves and L. Rehnisch and H. Reisin and M. Relich and C. Rembser and H. Ren and A. Renaud and M. Rescigno and S. Resconi and O.{\hspace{0.167em}}L. Rezanova and P. Reznicek and R. Rezvani and R. Richter and E. Richter-Was and M. Ridel and P. Rieck and C.{\hspace{0.167em}}J. Riegel and J. Rieger and M. Rijssenbeek and A. Rimoldi and L. Rinaldi and E. Ritsch and I. Riu and F. Rizatdinova and E. Rizvi and S.{\hspace{0.167em}}H. Robertson and A. Robichaud-Veronneau and D. Robinson and J.{\hspace{0.167em}}E.{\hspace{0.167em}}M. Robinson and A. Robson and C. Roda and L. Rodrigues and S. Roe and O. R{\o}hne and S. Rolli and A. Romaniouk and M. Romano and S.{\hspace{0.167em}}M. Romano Saez and E. Romero Adam and N. Rompotis and M. Ronzani and L. Roos and E. Ros and S. Rosati and K. Rosbach and P. Rose and P.{\hspace{0.167em}}L. Rosendahl and O. Rosenthal and V. Rossetti and E. Rossi and L.{\hspace{0.167em}}P. Rossi and R. Rosten and M. Rotaru and I. Roth and J. Rothberg and D. Rousseau and C.{\hspace{0.167em}}R. Royon and A. Rozanov and Y. Rozen and X. Ruan and F. Rubbo and I. Rubinskiy and V.{\hspace{0.167em}}I. Rud and C. Rudolph and M.{\hspace{0.167em}}S. Rudolph and F. Rühr and A. Ruiz-Martinez and Z. Rurikova and N.{\hspace{0.167em}}A. Rusakovich and A. Ruschke and H.{\hspace{0.167em}}L. Russell and J.{\hspace{0.167em}}P. Rutherfoord and N. Ruthmann and Y.{\hspace{0.167em}}F. Ryabov and M. Rybar and G. Rybkin and N.{\hspace{0.167em}}C. Ryder and A.{\hspace{0.167em}}F. Saavedra and G. Sabato and S. Sacerdoti and A. Saddique and H.{\hspace{0.167em}}F-W. Sadrozinski and R. Sadykov and F. Safai Tehrani and M. Saimpert and H. Sakamoto and Y. Sakurai and G. Salamanna and A. Salamon and M. Saleem and D. Salek and P.{\hspace{0.167em}}H. Sales De Bruin and D. Salihagic and A. Salnikov and J. Salt and D. Salvatore and F. Salvatore and A. Salvucci and A. Salzburger and D. Sampsonidis and A. Sanchez and J. S{\'{a}}nchez and V. Sanchez Martinez and H. Sandaker and R.{\hspace{0.167em}}L. Sandbach and H.{\hspace{0.167em}}G. Sander and M.{\hspace{0.167em}}P. Sanders and M. Sandhoff and C. Sandoval and R. Sandstroem and D.{\hspace{0.167em}}P.{\hspace{0.167em}}C. Sankey and A. Sansoni and C. Santoni and R. Santonico and H. Santos and I. Santoyo Castillo and K. Sapp and A. Sapronov and J.{\hspace{0.167em}}G. Saraiva and B. Sarrazin and O. Sasaki and Y. Sasaki and K. Sato and G. Sauvage and E. Sauvan and G. Savage and P. Savard and C. Sawyer and L. Sawyer and D.{\hspace{0.167em}}H. Saxon and J. Saxon and C. Sbarra and A. Sbrizzi and T. Scanlon and D.{\hspace{0.167em}}A. Scannicchio and M. Scarcella and V. Scarfone and J. Schaarschmidt and P. Schacht and D. Schaefer and R. Schaefer and J. Schaeffer and S. Schaepe and S. Schaetzel and U. Schäfer and A.{\hspace{0.167em}}C. Schaffer and D. Schaile and R.{\hspace{0.167em}}D. Schamberger and V. Scharf and V.{\hspace{0.167em}}A. Schegelsky and D. Scheirich and M. Schernau and C. Schiavi and J. Schieck and C. Schillo and M. Schioppa and S. Schlenker and E. Schmidt and K. Schmieden and C. Schmitt and S. Schmitt and B. Schneider and Y.{\hspace{0.167em}}J. Schnellbach and U. Schnoor and L. Schoeffel and A. Schoening and B.{\hspace{0.167em}}D. Schoenrock and A.{\hspace{0.167em}}L.{\hspace{0.167em}}S. Schorlemmer and M. Schott and D. Schouten and J. Schovancova and S. Schramm and M. Schreyer and C. Schroeder and N. Schuh and M.{\hspace{0.167em}}J. Schultens and H.-C. Schultz-Coulon and H. Schulz and M. Schumacher and B.{\hspace{0.167em}}A. Schumm and Ph. Schune and C. Schwanenberger and A. Schwartzman and T.{\hspace{0.167em}}A. Schwarz and Ph. Schwegler and Ph. Schwemling and R. Schwienhorst and J. Schwindling and T. Schwindt and M. Schwoerer and F.{\hspace{0.167em}}G. Sciacca and E. Scifo and G. Sciolla and F. Scuri and F. Scutti and J. Searcy and G. Sedov and E. Sedykh and P. Seema and S.{\hspace{0.167em}}C. Seidel and A. Seiden and F. Seifert and J.{\hspace{0.167em}}M. Seixas and G. Sekhniaidze and S.{\hspace{0.167em}}J. Sekula and K.{\hspace{0.167em}}E. Selbach and D.{\hspace{0.167em}}M. Seliverstov and N. Semprini-Cesari and C. Serfon and L. Serin and L. Serkin and T. Serre and R. Seuster and H. Severini and T. Sfiligoj and F. Sforza and A. Sfyrla and E. Shabalina and M. Shamim and L.{\hspace{0.167em}}Y. Shan and R. Shang and J.{\hspace{0.167em}}T. Shank and M. Shapiro and P.{\hspace{0.167em}}B. Shatalov and K. Shaw and A. Shcherbakova and C.{\hspace{0.167em}}Y. Shehu and P. Sherwood and L. Shi and S. Shimizu and C.{\hspace{0.167em}}O. Shimmin and M. Shimojima and M. Shiyakova and A. Shmeleva and D. Shoaleh Saadi and M.{\hspace{0.167em}}J. Shochet and S. Shojaii and S. Shrestha and E. Shulga and M.{\hspace{0.167em}}A. Shupe and S. Shushkevich and P. Sicho and O. Sidiropoulou and D. Sidorov and A. Sidoti and F. Siegert and Dj. Sijacki and J. Silva and Y. Silver and D. Silverstein and S.{\hspace{0.167em}}B. Silverstein and V. Simak and O. Simard and Lj. Simic and S. Simion and E. Simioni and B. Simmons and D. Simon and R. Simoniello and P. Sinervo and N.{\hspace{0.167em}}B. Sinev and G. Siragusa and A. Sircar and A.{\hspace{0.167em}}N. Sisakyan and S.{\hspace{0.167em}}Yu. Sivoklokov and J. Sjölin and T.{\hspace{0.167em}}B. Sjursen and M.{\hspace{0.167em}}B. Skinner and H.{\hspace{0.167em}}P. Skottowe and P. Skubic and M. Slater and T. Slavicek and M. Slawinska and K. Sliwa and V. Smakhtin and B.{\hspace{0.167em}}H. Smart and L. Smestad and S.{\hspace{0.167em}}Yu. Smirnov and Y. Smirnov and L.{\hspace{0.167em}}N. Smirnova and O. Smirnova and K.{\hspace{0.167em}}M. Smith and M. Smith and M. Smizanska and K. Smolek and A.{\hspace{0.167em}}A. Snesarev and G. Snidero and S. Snyder and R. Sobie and F. Socher and A. Soffer and D.{\hspace{0.167em}}A. Soh and C.{\hspace{0.167em}}A. Solans and M. Solar and J. Solc and E.{\hspace{0.167em}}Yu. Soldatov and U. Soldevila and A.{\hspace{0.167em}}A. Solodkov and A. Soloshenko and O.{\hspace{0.167em}}V. Solovyanov and V. Solovyev and P. Sommer and H.{\hspace{0.167em}}Y. Song and N. Soni and A. Sood and A. Sopczak and B. Sopko and V. Sopko and V. Sorin and D. Sosa and M. Sosebee and C.{\hspace{0.167em}}L. Sotiropoulou and R. Soualah and P. Soueid and A.{\hspace{0.167em}}M. Soukharev and D. South and S. Spagnolo and F. Span{\`{o}} and W.{\hspace{0.167em}}R. Spearman and F. Spettel and R. Spighi and G. Spigo and L.{\hspace{0.167em}}A. Spiller and M. Spousta and T. Spreitzer and R.{\hspace{0.167em}}D. St. Denis and S. Staerz and J. Stahlman and R. Stamen and S. Stamm and E. Stanecka and C. Stanescu and M. Stanescu-Bellu and M.{\hspace{0.167em}}M. Stanitzki and S. Stapnes and E.{\hspace{0.167em}}A. Starchenko and J. Stark and P. Staroba and P. Starovoitov and R. Staszewski and P. Stavina and P. Steinberg and B. Stelzer and H.{\hspace{0.167em}}J. Stelzer and O. Stelzer-Chilton and H. Stenzel and S. Stern and G.{\hspace{0.167em}}A. Stewart and J.{\hspace{0.167em}}A. Stillings and M.{\hspace{0.167em}}C. Stockton and M. Stoebe and G. Stoicea and P. Stolte and S. Stonjek and A.{\hspace{0.167em}}R. Stradling and A. Straessner and M.{\hspace{0.167em}}E. Stramaglia and J. Strandberg and S. Strandberg and A. Strandlie and E. Strauss and M. Strauss and P. Strizenec and R. Ströhmer and D.{\hspace{0.167em}}M. Strom and R. Stroynowski and A. Strubig and S.{\hspace{0.167em}}A. Stucci and B. Stugu and N.{\hspace{0.167em}}A. Styles and D. Su and J. Su and R. Subramaniam and A. Succurro and Y. Sugaya and C. Suhr and M. Suk and V.{\hspace{0.167em}}V. Sulin and S. Sultansoy and T. Sumida and S. Sun and X. Sun and J.{\hspace{0.167em}}E. Sundermann and K. Suruliz and G. Susinno and M.{\hspace{0.167em}}R. Sutton and Y. Suzuki and M. Svatos and S. Swedish and M. Swiatlowski and I. Sykora and T. Sykora and D. Ta and C. Taccini and K. Tackmann and J. Taenzer and A. Taffard and R. Tafirout and N. Taiblum and H. Takai and R. Takashima and H. Takeda and T. Takeshita and Y. Takubo and M. Talby and A.{\hspace{0.167em}}A. Talyshev and J.{\hspace{0.167em}}Y.{\hspace{0.167em}}C. Tam and K.{\hspace{0.167em}}G. Tan and J. Tanaka and R. Tanaka and S. Tanaka and S. Tanaka and A.{\hspace{0.167em}}J. Tanasijczuk and B.{\hspace{0.167em}}B. Tannenwald and N. Tannoury and S. Tapprogge and S.  },
  
	title = {Search for Higgs and$\less$mml:math xmlns:mml="http://www.w3.org/1998/Math/{MathML}" display="inline"$\greater$$\less$mml:mrow$\greater$$\less$mml:mi$\greater$Z$\less$/mml:mi$\greater$$\less$/mml:mrow$\greater$$\less$/mml:math$\greater$Boson Decays to$\less$mml:math xmlns:mml="http://www.w3.org/1998/Math/{MathML}" display="inline"$\greater$$\less$mml:mrow$\greater$$\less$mml:mi$\greater$J$\less$/mml:mi$\greater$$\less$mml:mo$\greater$/$\less$/mml:mo$\greater$$\less$mml:mi$\greater$$\uppsi$$\less$/mml:mi$\greater$$\less$mml:mi$\greater$$\upgamma$$\less$/mml:mi$\greater$$\less$/mml:mrow$\greater$$\less$/mml:math$\greater$and$\less$mml:math xmlns:mml="http://www.w3.org/1998/Math/{MathML}" display="inline"$\greater$$\less$mml:mrow$\greater$$\less$mml:mi mathvariant="normal"$\greater${\Upsilon}$\less$/mml:mi$\greater$$\less$mml:mo stretchy="false"$\greater$($\less$/mml:mo$\greater$$\less$mml:mi$\greater$n$\less$/mml:mi$\greater$$\less$mml:mi$\greater$S$\less$/mml:mi$\greater$$\less$mml:mo stretchy="false"$\greater$)$\less$/mml:mo$\greater$$\less$mml:mi$\greater$$\upgamma$$\less$/mml:mi$\greater$$\less$/mml:mrow$\greater$$\less$/mml:math$\greater$with the {ATLAS} Detector},
  
	journal = {Physical Review Letters}
}


