@article{sirunyan2019Hinv,

  title={Search for invisible decays of a Higgs boson produced through vector boson fusion in proton-proton collisions at s = 13 $ \uppercase{T}$e$\uppercase{V}$},
  author={AM. Sirunyan et al.},
  journal={Physics Letters B},
  volume={793},
  pages={520--551},
  year={2019},
  publisher={Elsevier}
}

@article{nishiwaki2014tth,
  title={t$\bar{t}$$\uppercase{H}$ anomalous coupling in double Higgs production},
  author={Nishiwaki, Kenji and Niyogi, Saurabh and Shivaji, Ambresh},
  journal={JHEP},
  number={04},
  pages={11},
  year={2014},
 note = "\url{https://inspirehep.net/search?p=find+eprint+1309.6907}",
  publisher={Springer}
}

@article{sirunyan2018search,
  title={Search for t$\bar{t}$$\uppercase{H}$ production in the all-jet final state in proton-proton collisions at $\sqrt{s}$ = 13 $\uppercase{T}$e$\uppercase{V}$},
  author={AM. Sirunyan et al.},
  year={2018},
  publisher={Springer Verlag}
}


@article{sirunyan2019search,
  title={Search for associated production of a Higgs boson and a single top quark in proton-proton collisions at $\sqrt{s}$ = 13 $\uppercase{T}$e$\uppercase{V}$},
  author={AM. Sirunyan et al.},
  journal={Physical Review D},
  volume={99},
  number={9},
  pages={092005},
  year={2019},
note = "\url{https://journals.aps.org/prd/abstract/10.1103/PhysRevD.99.092005}",
  publisher={APS}
}


@article{choudhury2019search,
  title={Search for associated production of a Higgs boson and a single top quark in proton-proton collisions at $\sqrt{s}$ = 13 $\uppercase{T}$e$\uppercase{V}$},
  author={Choudhury, S and Komaragiri, JR},
  journal={Physical Review D},
  volume={99},
  number={9},
  year={2019},
   note ="\url{https://journals.aps.org/prd/abstract/10.1103/PhysRevD.99.092005}",
  publisher={Physical Review D}
}


@article{cms2018combined,
  title={Combined measurements of Higgs boson couplings in proton-proton collisions at $$\backslash$sqrt $\{$s$\}$= $13 TeV},
  author={CMS collaboration},
  journal={arXiv:1809.10733},
  year={2018}
}

@article{cms2018search,
  title={Search for $$\backslash$mathrm $\{$t$\backslash$overline $\{$t$\}$$\}$ $ H production in the H $$\backslash$rightarrow $$$\backslash$mathrm $\{$b$\backslash$overline $\{$b$\}$$\}$ $ decay channel with leptonic $$\backslash$mathrm $\{$t$\backslash$overline $\{$t$\}$$\}$ $ decays in proton-proton collisions at $$\backslash$sqrt $\{$s$\}$= $13 TeV},
  author={CMS Collaboration},
  journal={arXiv:1804.03682},
  year={2018}
}

@article{cms2018observation,
  title={Observation of $$\backslash$mathrm $\{$t$\backslash$overline $\{$t$\}$$\}$ $ H production},
  author={CMS collaboration},
  journal={arXiv:1804.02610},
  year={2018}
}

@article{Khachatryan_2016,
   title={Search for the associated production of a Higgs boson with a single top quark in proton-proton collisions at $ \sqrt{s}$ = 8 $\uppercase{T}$e$\uppercase{V}$},
   volume={2016},
   ISSN={1029-8479},
   url={http://dx.doi.org/10.1007/JHEP06(2016)177},
   DOI={10.1007/jhep06(2016)177},
   number={6},
   journal={JHEP},
   publisher={Springer Science and Business Media LLC},
   author={V Khachatryan et al.},
   year={2016},
   month={Jun}
}


@article{Aad_2016,
   title={Measurements of the $\uppercase{H}$iggs boson production and decay rates and constraints on its couplings from a combined $\uppercase{ATLAS}$ and $\uppercase{CMS}$ analysis of the $\uppercase{LHC}$ pp collision data at $ \sqrt{s}$ = 7 and 8 $\uppercase{T}$e$\uppercase{V}$},
   
   ISSN={1029-8479},
   url={http://dx.doi.org/10.1007/JHEP08045},
   doi={10.1007/jhep08},
   number={(08):45},
   journal={JHEP},
   publisher={Springer Nature},
   author={G. Aad et al.},
note = "\url{https://inspirehep.net/search?p=find+eprint+1606.02266}",
   year={2016},
}

%@article{Reece:2012gi,
      author         = "Reece, Matthew",
      title          = "{Vacuum Instabilities with a Wrong-Sign Higgs-Gluon-Gluon
                        Amplitude}",
      journal        = "New J. Phys.",
      volume         = "15",
      year           = "2013",
      pages          = "043003",
      doi            = "10.1088/1367-2630/15/4/043003",
      eprint         = "1208.1765",
      archivePrefix  = "arXiv",
      primaryClass   = "hep-ph",
      SLACcitation   = "%%CITATION = ARXIV:1208.1765;%%"
}

@article{Aad:2012tfa,
      author         = "Aad, Georges and others",
      title          = "{Observation of a new particle in the search for the
                        Standard Model Higgs boson with the ATLAS detector at the
                        LHC}",
      collaboration  = "ATLAS",
      journal        = "Phys. Lett.",
      volume         = "B716",
      year           = "2012",
      pages          = "1-29",
      doi            = "10.1016/j.physletb.2012.08.020",
      eprint         = "1207.7214",
      archivePrefix  = "arXiv",
      primaryClass   = "hep-ex",
      reportNumber   = "CERN-PH-EP-2012-218",
      SLACcitation   = "%%CITATION = ARXIV:1207.7214;%%"
}


@article{Chatrchyan:2012xdj,
      author         = "S. Chatrchyan et al.",
      title          = "{Observation of a New Boson at a Mass of 125 GeV with the
                        CMS Experiment at the LHC}",
      collaboration  = "CMS",
      journal        = "Phys. Lett.",
      volume         = "B716",
      year           = "2012",
      pages          = "30-61",
      doi            = "10.1016/j.physletb.2012.08.021",
      eprint         = "1207.7235",
      archivePrefix  = "arXiv",
      primaryClass   = "hep-ex",
      reportNumber   = "CMS-HIG-12-028, CERN-PH-EP-2012-220",
      note  = "\url{http://inspirehep.net/record/1124338?ln=es}",
      SLACcitation   = "%%CITATION = ARXIV:1207.7235;%%"
      
}


@article{Chatrchyan:2008aa,
      author         = "Chatrchyan, S. and others",
      title          = "{The CMS Experiment at the CERN LHC}",
      collaboration  = "CMS",
      journal        = "JINST",
      volume         = "3",
      year           = "2008",
      pages          = "S08004",
      doi            = "10.1088/1748-0221/3/08/S08004",
 note  = "\url{http://inspirehep.net/record/1124338?ln=es}",
      SLACcitation   = "%%CITATION = JINST,3,S08004;%%"
}


@article{collaborations2019report,
  title={Report on the Physics at the $\uppercase{HL-LHC}$ and Perspectives for the $\uppercase{HE-LHC}$},
  author={CMS Collaboration},
  journal={arXiv:1902.10229},
note = "\url{https://arxiv.org/abs/1902.10229}",
  year={2019}
}

@article{farina2013lifting,
  title={Lifting degeneracies in Higgs couplings using single top production in association with a Higgs boson},
  author={M. Farina et al.},
  journal={JHEP},
  volume={2013},
  number={5},
  pages={22},
  year={2013},
note = "\url{https://inspirehep.net/search?p=find+eprint+1211.3736}",
  publisher={Springer}
}


@article{agostinelli2003geant4,
  title={$\uppercase{GEANT4}$ simulation toolkit},
  author={S. Agostinelli et al.},
  journal={Nuclear instruments and methods in physics research section A: Accelerators, Spectrometers, Detectors and Associated Equipment},
  volume={506},
  number={3},
  pages={250--303},
  year={2003},
note ="\url{http://inspirehep.net/record/593382?ln=es}",
  publisher={Elsevier}
}

@article{alwall2014automated,
  title={The automated computation of tree-level and next-to-leading order differential cross sections, and their matching to parton shower simulations},
  author={J. Alwall et al.},
  journal={JHEP},
  volume={2014},
  number={7},
  pages={79},
  year={2014},
note = "\url{https://inspirehep.net/search?p=find+eprint+1405.0301}",
  publisher={Springer}
}

@article{Bayatian:2006nff,
      author         = "Bayatian, G. L. and others",
      title          = "{CMS Physics}",
      collaboration  = "CMS",
      year           = "2006",
      reportNumber   = "CERN-LHCC-2006-001, CMS-TDR-8-1",
      SLACcitation   = "%%CITATION = CERN-LHCC-2006-001;%%"
}



@article{sirunyan2019search,
  title={Search for associated production of a Higgs boson and a single top quark in proton-proton collisions at $\sqrt{s}$ = 13 $\uppercase{T}$e$\uppercase{V}$},
  author={AM. Sirunyan et al.},
  journal={Physical Review D},
  volume={99},
  number={9},
  pages={092005},
  year={2019},
note ="\url{https://journals.aps.org/prd/abstract/10.1103/PhysRevD.99.092005}",
  publisher={APS}
}

@article{brun2003root,
  title={The $\uppercase{ROOT}$ Users Guide},
  author={R. Brun et al.},
  journal={CERN, http://root.cern.ch},
  note="\url{https://root.cern.ch/root/htmldoc/guides/users-guide/ROOTUsersGuideA4.pdf}"
}

@techreport{hoecker2007tmva,
  title={$\uppercase{TMVA}$ - $\uppercase{T}$oolkit for Multivariate Data Analysis with \uppercase{ROOT}: Users guide},
  author={A. Hoecker et al.},
  note = "\url{https://root.cern.ch/download/doc/tmva/TMVAUsersGuide.pdf}",
  year={2007}
}

@misc{verkerke2008roofit,
  title={Roo$\uppercase{F}$it users manual v2. 91},
  author={Verkerke, W and Kirkby, D},
note = "\url{https://root.cern.ch/download/doc/RooFit_Users_Manual_2.91-33.pdf}",
year={2008}
}

@article{HTCondor,
  title={University of $\uppercase{W}$isconsin},
  author={$\uppercase{HT}$ $\uppercase{C}$ondor, $\uppercase{H}$igh $\uppercase{T}$hroughput Computing users manual},
  note = "\url{https://research.cs.wisc.edu/htcondor/}",
   year={2019}
}

@article{Tanabashi:2018oca,
      author         = "Tanabashi, M. and others",
      title          = "{Review of Particle Physics}",
      collaboration  = "Particle Data Group",
      journal        = "Physical Review D.",
      volume         = "98",
      year           = "2018",
      number         = "3",
      pages          = "030001",
      doi            = "10.1103/PhysRevD.98.030001",
      note = "\url{https://journals.aps.org/prd/abstract/10.1103/PhysRevD.98.030001}",
      SLACcitation   = "%%CITATION = PHRVA,D98,030001;%%"
}

@article{Khachatryan:2015ota,
      author         = "Khachatryan, Vardan and others",
      title          = "{Search for the associated production of a Higgs boson
                        with a single top quark in proton-proton collisions at $
                        \sqrt{s}=8 $ TeV}",
      collaboration  = "CMS",
      journal        = "JHEP",
      volume         = "06",
      year           = "2016",
      pages          = "177",
      doi            = "10.1007/JHEP06(2016)177",
      eprint         = "1509.08159",
      archivePrefix  = "arXiv",
      primaryClass   = "hep-ex",
      reportNumber   = "CMS-HIG-14-027, CERN-PH-EP-2015-255",
      SLACcitation   = "%%CITATION = ARXIV:1509.08159;%%"
}

@article{Sirunyan:2018ygk,
      author         = "AM. Sirunyan et al.",
      title          = "{Search for $\mathrm{t}\overline{\mathrm{t}}$H production
                        in the all-jet final state in proton-proton collisions at
                        $\sqrt{s}=$ 13 TeV}",
      collaboration  = "CMS",
      journal        = "JHEP",
      volume         = "06",
      year           = "2018",
      pages          = "101",
      doi            = "10.1007/JHEP06(2018)101",
      eprint         = "1803.06986",
      archivePrefix  = "arXiv",
      primaryClass   = "hep-ex",
      reportNumber   = "CMS-HIG-17-022, CERN-EP-2018-038",
      note = "\url{http://inspirehep.net/record/1663385}",
      SLACcitation   = "%%CITATION = ARXIV:1803.06986;%%"
}

@article{Sirunyan:2018lzm,
      author         = "AM. Sirunyan et al.",
      title          = "{Search for associated production of a Higgs boson and a
                        single top quark in proton-proton collisions at $\sqrt{s}
                        $ = 13 TeV}",
      collaboration  = "CMS",
      journal        = "Physical Review D",
      volume         = "99",
      year           = "2019",
      number         = "9",
      pages          = "092005",
      doi            = "10.1103/PhysRevD.99.092005",
      eprint         = "1811.09696",
      archivePrefix  = "arXiv",
      primaryClass   = "hep-ex",
      reportNumber   = "CMS-HIG-18-009, CERN-EP-2018-305",
      note = "\url{https://journals.aps.org/prd/abstract/10.1103/PhysRevD.99.092005}",
      SLACcitation   = "%%CITATION = ARXIV:1811.09696;%%"
}


@book{Bayatian:922757,
      author        = "Bayatian et.al",
      title         = "{CMS Physics: Technical Design Report Volume 1: Detector
                       Performance and Software}",
      publisher     = "CERN",
      collaboration = "CMS Collaboration",
      address       = "Geneva",
      series        = "Technical Design Report CMS",
      year          = "2006",
      reportNumber  = "CERN-LHCC-2006-001",
      url           = "http://cds.cern.ch/record/922757",
      note = "\url{http://inspirehep.net/record/1614070?ln=es}",
      note          = "There is an error on cover due to a technical problem for
   

@article{Khachatryan:2016vau,
      author         = "Aad, Georges and others",
      title          = "{Measurements of the Higgs boson production and decay
                        rates and constraints on its couplings from a combined
                        ATLAS and CMS analysis of the LHC pp collision data at $
                        \sqrt{s}=7 $ and 8 TeV}",
      collaboration  = "ATLAS, CMS",
      journal        = "JHEP",
      volume         = "08",
      year           = "2016",
      pages          = "045",
      doi            = "10.1007/JHEP08(2016)045",
      eprint         = "1606.02266",
      archivePrefix  = "arXiv",
      primaryClass   = "hep-ex",
      reportNumber   = "CERN-EP-2016-100, ATLAS-HIGG-2015-07, CMS-HIG-15-002",
      SLACcitation   = "%%CITATION = ARXIV:1606.02266;%%"
}

@article{Khachatryan:2016vau,
      author         = "Aad, Georges and others",
      title          = "{Measurements of the Higgs boson production and decay
                        rates and constraints on its couplings from a combined
                        ATLAS and CMS analysis of the LHC pp collision data at $
                        \sqrt{s}=7 $ and 8 TeV}",
      collaboration  = "ATLAS, CMS",
      journal        = "JHEP",
      volume         = "08",
      year           = "2016",
      pages          = "045",
      doi            = "10.1007/JHEP08(2016)045",
      eprint         = "1606.02266",
      archivePrefix  = "arXiv",
      primaryClass   = "hep-ex",
      reportNumber   = "CERN-EP-2016-100, ATLAS-HIGG-2015-07, CMS-HIG-15-002",
      SLACcitation   = "%%CITATION = ARXIV:1606.02266;%%"
}

@article{Nishiwaki:2013cma,
      author         = "Nishiwaki, Kenji and Niyogi, Saurabh and Shivaji,
                        Ambresh",
      title          = "{$ttH$ Anomalous Coupling in Double Higgs Production}",
      journal        = "JHEP",
      volume         = "04",
      year           = "2014",
      pages          = "011",
      doi            = "10.1007/JHEP04011",
      eprint         = "1309.6907",
      archivePrefix  = "arXiv",
      primaryClass   = "hep-ph",
      reportNumber   = "HRI-P-13-09-002, RECAPP-HRI-2013-020",
      note = "\url{https://arxiv.org/abs/1309.6907}",
      SLACcitation   = "%%CITATION = ARXIV:1309.6907;%%"
}



