@sm{smpp,
    author = "Kai Schmidt-Hoberg",
    title = "{Phenomenology of Physics beyond the Standard Model}",
    month = "May",
    year = "2015",
    note ="\url{https://www.desy.de/~kschmidt/BSM_lecturenotes.pdf}",
}


@sm1{fill,
author = "Michael Hostettler",
    title = "{LHC Luminosity Performance}",
    month = "June",
    year = "2018",
    note ="\url{https://cds.cern.ch/record/2319396/files/CERN-THESIS-2018-051.pdf}",
}



@article{Agostinelli:2002hh,
    author = "Agostinelli, S. and others",
    collaboration = "GEANT4",
    title = "{GEANT4--a simulation toolkit}",
    reportNumber = "SLAC-PUB-9350, FERMILAB-PUB-03-339, CERN-IT-2002-003",
    doi = "10.1016/S0168-9002(03)01368-8",
    journal = "Nucl. Instrum. Meth. A",
    volume = "506",
    pages = "250--303",
    year = "2003",
    note ="\url{https://inspirehep.net/files/6c9c0b62bbc8dc0401fca11a5fe5c87c}",
}

@meeting{brilsim,
title = "{BRIL Ph2 Simulations Meeting - two fold coincidences in $\phi$ study}",
month = "Sep",
year = "2020",
note  = "\url{https://indico.cern.ch/event/956200/}",
}


@meeting{brilsim1,
title = "{BRIL Ph2 Simulations Meeting - two fold coincidences in $\phi$ study for Phase II HL-LHC}",
month = "Oct",
year = "2020",
note  = "\url{https://indico.cern.ch/event/969098/}",
}


@meet{brilsim2,
title = "{BRIL Ph2 Simulations Meeting - two fold coincidences in r study for Phase II HL-LHC}",
month = "Feb",
year = "2021",
note  = "\url{https://indico.cern.ch/event/1011510/}",
}



@veto{vetolist,
title = "{Veto lists used for various subdetectors of Phase I pixel detector}",
note  = "\url{https://cernbox.cern.ch/index.php/s/D691KGJZ61anMpM}",

}


@unpublished{CERNBrochure2017002Eng,
      title         = "{LHC Guide Mar 2017}",    
      note          = "\url{https://cds.cern.ch/record/2255762}",     
}


@runresults{cmsrun,
title = "{LHC Run 1 results}",
month = "April",
year = "2014",
note = "\url{https://indico.in2p3.fr/event/8719/contributions/46922/attachments/37705/46588/Zhang-fcppl2014-plenary.pdf}",
}


@article{Wenninger:2668326,
      author        = "Wenninger, Jorg",
      title         = "{Operation and Configuration of the LHC in Run 2}",
      month         = "Mar",
      year          = "2019",
      note           = "\url{https://cds.cern.ch/record/2668326}",
}


@article{Alemany-Fernandez:1631030,
      
      title         = "{Operation and Configuration of the LHC in Run 1}",
      month         = "Nov",
      year          = "2013",
      note          = "\url{https://cds.cern.ch/record/1631030}",
}



@lumirun1{cmsrun1lumi,
title = "{LHC Run 1 results}",
month = "April",
year = "2012",
note = "\url{https://twiki.cern.ch/twiki/bin/view/CMSPublic/LumiPublicResults#2012_proton_proton_8_TeV_collisi}",
}


@lumirun{lumi,
title = "{LHC Luminosity Report}",
month = "July",
year = "2018",
note = "\url{https://home.cern/news/news/accelerators/lhc-report-back-production}",
}



@article{Chatrchyan:1129810,
title         = "{The CMS experiment at the CERN LHC. The Compact Muon
                       Solenoid experiment}",
      journal       = "JINST",
      collaboration = "CMS Collaboration",
      volume        = "3",
      pages         = "S08004. 361 p",
      year          = "2008",
      url           = "https://cds.cern.ch/record/1129810",
      note          = "\url{https://cds.cern.ch/record/1129810/files/jinst8_08_s08004.pdf}",
      doi           = "10.1088/1748-0221/3/08/S08004",
}





@phdthesis{deMaria:2008zzb,
    author = "de Maria, Riccardo",
    title = "{LHC interaction region upgrade}",
    reportNumber = "CERN-THESIS-2008-079",
    school = "Ecole Polytechnique, Lausanne",
    year = "2008",
    note = "\url{http://cds.cern.ch/record/1127611?ln=en}"

}

@article{Klein:2017nke,
    author = "Tumasyan, Armen and others",
    editor = "Klein, K.",
    collaboration = "CMS",
    title = "{The Phase-2 Upgrade of the CMS Tracker}",
    reportNumber = "CERN-LHCC-2017-009, CMS-TDR-014",
    month = "6",
    year = "2017",
    note = "\url{https://cds.cern.ch/record/2272264?ln=en}"
}


@techreport{CMS-PAS-LUM-12-001,
      title         = "{CMS Luminosity Based on Pixel Cluster Counting - Summer
                       2012 Update}",
      institution   = "CERN",
      collaboration = "CMS Collaboration",
      address       = "Geneva",
      reportNumber  = "CMS-PAS-LUM-12-001",
      year          = "2012",
      note           = "\url{https://cds.cern.ch/record/1482193}",
}


@techreport{CMS-PAS-LUM-13-001,
      title         = "{CMS Luminosity Based on Pixel Cluster Counting - Summer
                       2013 Update}",
      institution   = "CERN",
      collaboration = "CMS Collaboration",
      address       = "Geneva",
      reportNumber  = "CMS-PAS-LUM-13-001",
      year          = "2013",
          note       = "\url{https://cds.cern.ch/record/1598864}",
}


@techreport{CMS-PAS-LUM-15-001,
      title         = "{CMS luminosity measurement for the 2015 data-taking
                       period}",
      institution   = "CERN",
      collaboration = "CMS Collaboration",
      address       = "Geneva",
      reportNumber  = "CMS-PAS-LUM-15-001",
      year          = "2017",
      note           = "\url{https://cds.cern.ch/record/2138682}",
}


@article{Chatrchyan:2014fea,
    author = "Chatrchyan, Serguei and others",
    collaboration = "CMS",
    title = "{Description and performance of track and primary-vertex reconstruction with the CMS tracker}",
    eprint = "1405.6569",
    archivePrefix = "arXiv",
    primaryClass = "physics.ins-det",
    reportNumber = "CMS-TRK-11-001, CERN-PH-EP-2014-070",
    doi = "10.1088/1748-0221/9/10/P10009",
    journal = "JINST",
    volume = "9",
    number = "10",
    pages = "P10009",
    year = "2014",
    note = "\url{https://inspirehep.net/files/2a1273a29937190c2a986fa419aad460}",
}

@techreport{Sirunyan:2759951,
 title         = "{Precision luminosity measurement in proton-proton
                       collisions at $\sqrt{s}= $ 13 TeV  in 2015 and 2016 at
                       CMS}",
      institution   = "CERN",
      collaboration = "CMS Collaboration",
      address       = "Geneva",
      archivePrefix = "arXiv",
      eprint        = "2104.01927",
      reportNumber  = "CMS-LUM-17-003, CERN-EP-2021-033, CMS-LUM-17-003-003",
      month         = "Apr",
      year          = "2021",
      note          = "\url{https://cds.cern.ch/record/2759951}",
      }


@techreport{CMS-PAS-LUM-18-002,
      title         = "{CMS luminosity measurement for the 2018 data-taking
                       period at $\sqrt{s} = 13~\mathrm{TeV}$}",
      institution   = "CERN",
      collaboration = "CMS Collaboration",
      address       = "Geneva",
      reportNumber  = "CMS-PAS-LUM-18-002",
      year          = "2019",
      note           = "\url{https://cds.cern.ch/record/2676164}",
}

@art{lumidpg,
title = "{Joint BRIL DPG and LUM POG Meeting}",
month ="April",
year = "2021",
note = "\url{https://indico.cern.ch/event/1028264/}",
}

@article{TrackerGroupoftheCMS:2020bgg,
    author = "Adam, W. and others",
    collaboration = "CMS Tracker Group",
    title = "{The CMS Phase-1 Pixel Detector Upgrade}",
    eprint = "2012.14304",
    archivePrefix = "arXiv",
    primaryClass = "physics.ins-det",
    doi = "10.1088/1748-0221/16/02/P02027",
    journal = "JINST",
    volume = "16",
    number = "02",
    pages = "P02027",
    year = "2021",
    note = "\url{https://arxiv.org/abs/2012.14304}",
}


@book{Dainese:2019rgk,
    editor = "Dainese, Andrea and others",
    title = "{Report on the Physics at the HL-LHC,and Perspectives for the HE-LHC}",
    reportNumber = "CERN-2019-007",
    doi = "10.23731/CYRM-2019-007",
    isbn = "978-92-9083-549-3",
    publisher = "CERN",
    address = "Geneva, Switzerland",
    series = "CERN Yellow Reports: Monographs",
    volume = "7/2019",
    year = "2019",
note = "\url{https://inspirehep.net/literature/1768569}"
}

@article{Khachatryan:2015ota,
    author = "Khachatryan, Vardan and others",
    collaboration = "CMS",
    title = "{Search for the associated production of a Higgs boson with a single top quark in proton-proton collisions at $ \sqrt{s}=8 $ TeV}",
    eprint = "1509.08159",
    archivePrefix = "arXiv",
    primaryClass = "hep-ex",
    reportNumber = "CMS-HIG-14-027, CERN-PH-EP-2015-255",
    doi = "10.1007/JHEP06(2016)177",
    journal = "JHEP",
    volume = "06",
    pages = "177",
    year = "2016",
note = "\url{https://inspirehep.net/literature/1395096}"
}

@inproceedings{Grojean:2017hsb,
    author = "Grojean, C.",
    title = "{Higgs Physics}",
    booktitle = "{8th CERN\textendash{}Latin-American School of High-Energy Physics}",
    eprint = "1708.00794",
    archivePrefix = "arXiv",
    primaryClass = "hep-ph",
    doi = "10.5170/CERN-2016-005.143",
    year = "2016",
note = "\url{https://inspirehep.net/literature/1614172}"
}

@article{Mobs:2684277,
      author        = "Mobs, Esma",
      title         = "{The CERN accelerator complex - 2019. Complexe des
                       accélérateurs du CERN - 2019}",
      month         = "Jul",
      year          = "2019",
      url           = "https://cds.cern.ch/record/2684277",
      
note = "\url{https://cds.cern.ch/record/2684277?ln=en}"
}




@article{Sirunyan:2021qkt,
    author = "Sirunyan, Albert M and others",
    collaboration = "CMS",
    title = "{Precision luminosity measurement in proton-proton collisions at $\sqrt{s} =$ 13 TeV in 2015 and 2016 at CMS}",
    eprint = "2104.01927",
    archivePrefix = "arXiv",
    primaryClass = "hep-ex",
    reportNumber = "CMS-LUM-17-003, CERN-EP-2021-033",
    month = "4",
    year = "2021",
note = "\url{https://inspirehep.net/literature/1856090}"
}



@article{cms2021precision,
  title={Precision luminosity measurement in proton-proton collisions at $$\backslash$sqrt $\{$s$\}$= $13 TeV in 2015 and 2016 at CMS},
  author={CMS Collaboration and others},
  journal={arXiv preprint arXiv:2104.01927},
  year={2021}
}


@article{CMS:2018elu,
    collaboration = "CMS",
    title = "{CMS luminosity measurement for the 2017 data-taking period at $\sqrt{s} = 13~\mathrm{TeV}$}",
    reportNumber = "CMS-PAS-LUM-17-004",
    year = "2018",
note = "\url{https://inspirehep.net/literature/1677076}"

@article{Rossi:2015ulc,
    author = {Rossi, L. and Br\"uning, O.},
    editor = {Br\"uning, Oliver and Rossi, Lucio},
    title = "{Introduction to the HL-LHC Project}",
    doi = "10.1142/9789814675475_0001",
    journal = "Adv. Ser. Direct. High Energy Phys.",
    volume = "24",
    pages = "1--17",
    year = "2015"

@article{Cepeda:2019klc,
    author = "Cepeda, M. and others",
    editor = "Dainese, Andrea and Mangano, Michelangelo and Meyer, Andreas B. and Nisati, Aleandro and Salam, Gavin and Vesterinen, Mika Anton",
    title = "{Report from Working Group 2}: {Higgs Physics at the HL-LHC and HE-LHC}",
    eprint = "1902.00134",
    archivePrefix = "arXiv",
    primaryClass = "hep-ph",
    reportNumber = "CERN-LPCC-2018-04",
    doi = "10.23731/CYRM-2019-007.221",
    journal = "CERN Yellow Rep. Monogr.",
    volume = "7",
    pages = "221--584",
    year = "2019",
note = "\url{https://arxiv.org/abs/1902.00134}"


@techreport{Collaboration:2706512,
      author        = "The CMS Collaboration",
      title         = "{The Phase-2 Upgrade of the CMS Beam Radiation,
                       Instrumentation, and Luminosity Detectors: Conceptual
                       Design}",
      institution   = "CERN",
      collaboration = "CMS Collaboration",
      address       = "Geneva",
      reportNumber  = "CMS-NOTE-2019-008, CERN-CMS-NOTE-2019-008",
      month         = "Jan",
      year          = "2020",
      url           = "https://cds.cern.ch/record/2706512",
      note = "\url{https://cds.cern.ch/record/2706512?ln=en}"
}








@article{sirunyan2019Hinv,

  title={Search for invisible decays of a Higgs boson produced through vector boson fusion in proton-proton collisions at s = 13 $ \uppercase{T}$e$\uppercase{V}$},
  author={AM. Sirunyan et al.},
  journal={Physics Letters B},
  volume={793},
  pages={520--551},
  year={2019},
  publisher={Elsevier}
}




@article{nishiwaki2014tth,
  title={t$\bar{t}$$\uppercase{H}$ anomalous coupling in double Higgs production},
  author={Nishiwaki, Kenji and Niyogi, Saurabh and Shivaji, Ambresh},
  journal={JHEP},
  number={04},
  pages={11},
  year={2014},
 note = "\url{https://inspirehep.net/search?p=find+eprint+1309.6907}",
  publisher={Springer}
}

@article{sirunyan2018search,
  title={Search for t$\bar{t}$$\uppercase{H}$ production in the all-jet final state in proton-proton collisions at $\sqrt{s}$ = 13 $\uppercase{T}$e$\uppercase{V}$},
  author={AM. Sirunyan et al.},
  year={2018},
  publisher={Springer Verlag}
}


@article{sirunyan2019search,
  title={Search for associated production of a Higgs boson and a single top quark in proton-proton collisions at $\sqrt{s}$ = 13 $\uppercase{T}$e$\uppercase{V}$},
  author={AM. Sirunyan et al.},
  journal={Physical Review D},
  volume={99},
  number={9},
  pages={092005},
  year={2019},
note = "\url{https://journals.aps.org/prd/abstract/10.1103/PhysRevD.99.092005}",
  publisher={APS}
}


@article{choudhury2019search,
  title={Search for associated production of a Higgs boson and a single top quark in proton-proton collisions at $\sqrt{s}$ = 13 $\uppercase{T}$e$\uppercase{V}$},
  author={Choudhury, S and Komaragiri, JR},
  journal={Physical Review D},
  volume={99},
  number={9},
  year={2019},
   note ="\url{https://journals.aps.org/prd/abstract/10.1103/PhysRevD.99.092005}",
  publisher={Physical Review D}
}


@article{cms2018combined,
  title={Combined measurements of Higgs boson couplings in proton-proton collisions at $$\backslash$sqrt $\{$s$\}$= $13 TeV},
  author={CMS collaboration},
  journal={arXiv:1809.10733},
  year={2018}
}

@article{cms2018search,
  title={Search for $$\backslash$mathrm $\{$t$\backslash$overline $\{$t$\}$$\}$ $ H production in the H $$\backslash$rightarrow $$$\backslash$mathrm $\{$b$\backslash$overline $\{$b$\}$$\}$ $ decay channel with leptonic $$\backslash$mathrm $\{$t$\backslash$overline $\{$t$\}$$\}$ $ decays in proton-proton collisions at $$\backslash$sqrt $\{$s$\}$= $13 TeV},
  author={CMS Collaboration},
  journal={arXiv:1804.03682},
  year={2018}
}

@article{cms2018observation,
  title={Observation of $$\backslash$mathrm $\{$t$\backslash$overline $\{$t$\}$$\}$ $ H production},
  author={CMS collaboration},
  journal={arXiv:1804.02610},
  year={2018}
}

@article{Khachatryan_2016,
   title={Search for the associated production of a Higgs boson with a single top quark in proton-proton collisions at $ \sqrt{s}$ = 8 $\uppercase{T}$e$\uppercase{V}$},
   volume={2016},
   ISSN={1029-8479},
   url={http://dx.doi.org/10.1007/JHEP06(2016)177},
   DOI={10.1007/jhep06(2016)177},
   number={6},
   journal={JHEP},
   publisher={Springer Science and Business Media LLC},
   author={V Khachatryan et al.},
   year={2016},
   month={Jun}
}


@article{Aad_2016,
   title={Measurements of the $\uppercase{H}$iggs boson production and decay rates and constraints on its couplings from a combined $\uppercase{ATLAS}$ and $\uppercase{CMS}$ analysis of the $\uppercase{LHC}$ pp collision data at $ \sqrt{s}$ = 7 and 8 $\uppercase{T}$e$\uppercase{V}$},
   
   ISSN={1029-8479},
   url={http://dx.doi.org/10.1007/JHEP08045},
   doi={10.1007/jhep08},
   number={(08):45},
   journal={JHEP},
   publisher={Springer Nature},
   author={G. Aad et al.},
note = "\url{https://inspirehep.net/search?p=find+eprint+1606.02266}",
   year={2016},
}

%@article{Reece:2012gi,
      author         = "Reece, Matthew",
      title          = "{Vacuum Instabilities with a Wrong-Sign Higgs-Gluon-Gluon
                        Amplitude}",
      journal        = "New J. Phys.",
      volume         = "15",
      year           = "2013",
      pages          = "043003",
      doi            = "10.1088/1367-2630/15/4/043003",
      eprint         = "1208.1765",
      archivePrefix  = "arXiv",
      primaryClass   = "hep-ph",
      SLACcitation   = "%%CITATION = ARXIV:1208.1765;%%"
}

@article{Aad:2012tfa,
      author         = "Aad, Georges and others",
      title          = "{Observation of a new particle in the search for the
                        Standard Model Higgs boson with the ATLAS detector at the
                        LHC}",
      collaboration  = "ATLAS",
      journal        = "Phys. Lett.",
      volume         = "B716",
      year           = "2012",
      pages          = "1-29",
      doi            = "10.1016/j.physletb.2012.08.020",
      eprint         = "1207.7214",
      archivePrefix  = "arXiv",
      primaryClass   = "hep-ex",
      reportNumber   = "CERN-PH-EP-2012-218",
      SLACcitation   = "%%CITATION = ARXIV:1207.7214;%%"
}


@article{Chatrchyan:2012xdj,
      author         = "S. Chatrchyan et al.",
      title          = "{Observation of a New Boson at a Mass of 125 GeV with the
                        CMS Experiment at the LHC}",
      collaboration  = "CMS",
      journal        = "Phys. Lett.",
      volume         = "B716",
      year           = "2012",
      pages          = "30-61",
      doi            = "10.1016/j.physletb.2012.08.021",
      eprint         = "1207.7235",
      archivePrefix  = "arXiv",
      primaryClass   = "hep-ex",
      reportNumber   = "CMS-HIG-12-028, CERN-PH-EP-2012-220",
      note  = "\url{http://inspirehep.net/record/1124338?ln=es}",
      SLACcitation   = "%%CITATION = ARXIV:1207.7235;%%"
      
}


@article{Chatrchyan:2008aa,
      author         = "Chatrchyan, S. and others",
      title          = "{The CMS Experiment at the CERN LHC}",
      collaboration  = "CMS",
      journal        = "JINST",
      volume         = "3",
      year           = "2008",
      pages          = "S08004",
      doi            = "10.1088/1748-0221/3/08/S08004",
 note  = "\url{http://inspirehep.net/record/1124338?ln=es}",
      SLACcitation   = "%%CITATION = JINST,3,S08004;%%"
}


@article{collaborations2019report,
  title={Report on the Physics at the $\uppercase{HL-LHC}$ and Perspectives for the $\uppercase{HE-LHC}$},
  author={CMS Collaboration},
  journal={arXiv:1902.10229},
note = "\url{https://arxiv.org/abs/1902.10229}",
  year={2019}
}

@article{farina2013lifting,
  title={Lifting degeneracies in Higgs couplings using single top production in association with a Higgs boson},
  author={M. Farina et al.},
  journal={JHEP},
  volume={2013},
  number={5},
  pages={22},
  year={2013},
note = "\url{https://inspirehep.net/search?p=find+eprint+1211.3736}",
  publisher={Springer}
}


@article{agostinelli2003geant4,
  title={$\uppercase{GEANT4}$ simulation toolkit},
  author={S. Agostinelli et al.},
  journal={Nuclear instruments and methods in physics research section A: Accelerators, Spectrometers, Detectors and Associated Equipment},
  volume={506},
  number={3},
  pages={250--303},
  year={2003},
note ="\url{http://inspirehep.net/record/593382?ln=es}",
  publisher={Elsevier}
}

@article{alwall2014automated,
  title={The automated computation of tree-level and next-to-leading order differential cross sections, and their matching to parton shower simulations},
  author={J. Alwall et al.},
  journal={JHEP},
  volume={2014},
  number={7},
  pages={79},
  year={2014},
note = "\url{https://inspirehep.net/search?p=find+eprint+1405.0301}",
  publisher={Springer}
}

@article{Bayatian:2006nff,
      author         = "Bayatian, G. L. and others",
      title          = "{CMS Physics}",
      collaboration  = "CMS",
      year           = "2006",
      reportNumber   = "CERN-LHCC-2006-001, CMS-TDR-8-1",
      SLACcitation   = "%%CITATION = CERN-LHCC-2006-001;%%"
}



@article{sirunyan2019search,
  title={Search for associated production of a Higgs boson and a single top quark in proton-proton collisions at $\sqrt{s}$ = 13 $\uppercase{T}$e$\uppercase{V}$},
  author={AM. Sirunyan et al.},
  journal={Physical Review D},
  volume={99},
  number={9},
  pages={092005},
  year={2019},
note ="\url{https://journals.aps.org/prd/abstract/10.1103/PhysRevD.99.092005}",
  publisher={APS}
}

@article{brun2003root,
  title={The $\uppercase{ROOT}$ Users Guide},
  author={R. Brun et al.},
  journal={CERN, http://root.cern.ch},
  note="\url{https://root.cern.ch/root/htmldoc/guides/users-guide/ROOTUsersGuideA4.pdf}"
}

@techreport{hoecker2007tmva,
  title={$\uppercase{TMVA}$ - $\uppercase{T}$oolkit for Multivariate Data Analysis with \uppercase{ROOT}: Users guide},
  author={A. Hoecker et al.},
  note = "\url{https://root.cern.ch/download/doc/tmva/TMVAUsersGuide.pdf}",
  year={2007}
}

@misc{verkerke2008roofit,
  title={Roo$\uppercase{F}$it users manual v2. 91},
  author={Verkerke, W and Kirkby, D},
note = "\url{https://root.cern.ch/download/doc/RooFit_Users_Manual_2.91-33.pdf}",
year={2008}
}

@article{HTCondor,
  title={University of $\uppercase{W}$isconsin},
  author={$\uppercase{HT}$ $\uppercase{C}$ondor, $\uppercase{H}$igh $\uppercase{T}$hroughput Computing users manual},
  note = "\url{https://research.cs.wisc.edu/htcondor/}",
   year={2019}
}

@article{Tanabashi:2018oca,
      author         = "Tanabashi, M. and others",
      title          = "{Review of Particle Physics}",
      collaboration  = "Particle Data Group",
      journal        = "Physical Review D.",
      volume         = "98",
      year           = "2018",
      number         = "3",
      pages          = "030001",
      doi            = "10.1103/PhysRevD.98.030001",
      note = "\url{https://journals.aps.org/prd/abstract/10.1103/PhysRevD.98.030001}",
      SLACcitation   = "%%CITATION = PHRVA,D98,030001;%%"
}

@article{Khachatryan:2015ota,
      author         = "Khachatryan, Vardan and others",
      title          = "{Search for the associated production of a Higgs boson
                        with a single top quark in proton-proton collisions at $
                        \sqrt{s}=8 $ TeV}",
      collaboration  = "CMS",
      journal        = "JHEP",
      volume         = "06",
      year           = "2016",
      pages          = "177",
      doi            = "10.1007/JHEP06(2016)177",
      eprint         = "1509.08159",
      archivePrefix  = "arXiv",
      primaryClass   = "hep-ex",
      reportNumber   = "CMS-HIG-14-027, CERN-PH-EP-2015-255",
      SLACcitation   = "%%CITATION = ARXIV:1509.08159;%%"
}

@article{Sirunyan:2018ygk,
      author         = "AM. Sirunyan et al.",
      title          = "{Search for $\mathrm{t}\overline{\mathrm{t}}$H production
                        in the all-jet final state in proton-proton collisions at
                        $\sqrt{s}=$ 13 TeV}",
      collaboration  = "CMS",
      journal        = "JHEP",
      volume         = "06",
      year           = "2018",
      pages          = "101",
      doi            = "10.1007/JHEP06(2018)101",
      eprint         = "1803.06986",
      archivePrefix  = "arXiv",
      primaryClass   = "hep-ex",
      reportNumber   = "CMS-HIG-17-022, CERN-EP-2018-038",
      note = "\url{http://inspirehep.net/record/1663385}",
      SLACcitation   = "%%CITATION = ARXIV:1803.06986;%%"
}

@article{Sirunyan:2018lzm,
      author         = "AM. Sirunyan et al.",
      title          = "{Search for associated production of a Higgs boson and a
                        single top quark in proton-proton collisions at $\sqrt{s}
                        $ = 13 TeV}",
      collaboration  = "CMS",
      journal        = "Physical Review D",
      volume         = "99",
      year           = "2019",
      number         = "9",
      pages          = "092005",
      doi            = "10.1103/PhysRevD.99.092005",
      eprint         = "1811.09696",
      archivePrefix  = "arXiv",
      primaryClass   = "hep-ex",
      reportNumber   = "CMS-HIG-18-009, CERN-EP-2018-305",
      note = "\url{https://journals.aps.org/prd/abstract/10.1103/PhysRevD.99.092005}",
      SLACcitation   = "%%CITATION = ARXIV:1811.09696;%%"
}


@book{Bayatian:922757,
      author        = "Bayatian et.al",
      title         = "{CMS Physics: Technical Design Report Volume 1: Detector
                       Performance and Software}",
      publisher     = "CERN",
      collaboration = "CMS Collaboration",
      address       = "Geneva",
      series        = "Technical Design Report CMS",
      year          = "2006",
      reportNumber  = "CERN-LHCC-2006-001",
      url           = "http://cds.cern.ch/record/922757",
      note = "\url{http://inspirehep.net/record/1614070?ln=es}",
      note          = "There is an error on cover due to a technical problem for
   

@article{Khachatryan:2016vau,
      author         = "Aad, Georges and others",
      title          = "{Measurements of the Higgs boson production and decay
                        rates and constraints on its couplings from a combined
                        ATLAS and CMS analysis of the LHC pp collision data at $
                        \sqrt{s}=7 $ and 8 TeV}",
      collaboration  = "ATLAS, CMS",
      journal        = "JHEP",
      volume         = "08",
      year           = "2016",
      pages          = "045",
      doi            = "10.1007/JHEP08(2016)045",
      eprint         = "1606.02266",
      archivePrefix  = "arXiv",
      primaryClass   = "hep-ex",
      reportNumber   = "CERN-EP-2016-100, ATLAS-HIGG-2015-07, CMS-HIG-15-002",
      SLACcitation   = "%%CITATION = ARXIV:1606.02266;%%"
}

@article{Khachatryan:2016vau,
      author         = "Aad, Georges and others",
      title          = "{Measurements of the Higgs boson production and decay
                        rates and constraints on its couplings from a combined
                        ATLAS and CMS analysis of the LHC pp collision data at $
                        \sqrt{s}=7 $ and 8 TeV}",
      collaboration  = "ATLAS, CMS",
      journal        = "JHEP",
      volume         = "08",
      year           = "2016",
      pages          = "045",
      doi            = "10.1007/JHEP08(2016)045",
      eprint         = "1606.02266",
      archivePrefix  = "arXiv",
      primaryClass   = "hep-ex",
      reportNumber   = "CERN-EP-2016-100, ATLAS-HIGG-2015-07, CMS-HIG-15-002",
      SLACcitation   = "%%CITATION = ARXIV:1606.02266;%%"
}

@article{Nishiwaki:2013cma,
      author         = "Nishiwaki, Kenji and Niyogi, Saurabh and Shivaji,
                        Ambresh",
      title          = "{$ttH$ Anomalous Coupling in Double Higgs Production}",
      journal        = "JHEP",
      volume         = "04",
      year           = "2014",
      pages          = "011",
      doi            = "10.1007/JHEP04011",
      eprint         = "1309.6907",
      archivePrefix  = "arXiv",
      primaryClass   = "hep-ph",
      reportNumber   = "HRI-P-13-09-002, RECAPP-HRI-2013-020",
      note = "\url{https://arxiv.org/abs/1309.6907}",
      SLACcitation   = "%%CITATION = ARXIV:1309.6907;%%"
}


https://twiki.cern.ch/twiki/bin/view/CMSPublic/LumiPublicResultsPAS



