@comment{x-kbibtex-encoding=utf-8}

@article{griff,
	author        = "D. J. Griffiths",
	title         = {"{Introduction} to elementary particles"},
	journal     = {WILEY‚ÄêVCH Verlag GmbH $\&$ Co. KGaA},
	address       = "New York, NY",
	series        = "Physics textarticle",
	year          = "2008"
}

@article{th1,
	title = {"{Search} for associated production of a Higgs boson and a single top quark in proton-proton collisions at $\sqrt{s}=13\text{ }\text{ }\mathrm{TeV}$"},
	author = {CMS collaboration},
	collaboration = {CMS collaboration},
	journal = {Phys. Rev. D},
	volume = {99, 092005 },
	issue = {9},
	year = {2019},
	month = {May},
	url = {https://link.aps.org/doi/10.1103/PhysRevD.99.092005}
}


@article{Aad_2012,
   title={"{Observation of a new particle in the search for the Standard Model Higgs boson with the ATLAS detector at the LHC}"},
volume={716},
   url={http://dx.doi.org/10.1016/j.physletb.2012.08.020},
   number={1},
   pages = "1 - 29",
   journal={Physics Letters B},
   author={ATLAS collaboration},
   year={2012},
   month={Sep},
}

@article{tmva,
	title={"{TMVA-Toolkit for Multivariate Data Analysis}"},
	author={A. Hoecker et. al.},
	year={2007},
	number={arXiv:physics/0703039 },
	url = "https://arxiv.org/abs/physics/0703039"
}


@article{gamma,
	title={"{Search for H $\rightarrow$ $\gamma \gamma$ produced in association with top quarks and constraints on the Yukawa coupling between the top quark and the Higgs boson using data taken at 7 TeV and 8 TeV with the ATLAS detector}"},
volume={740},
	url={http://dx.doi.org/10.1016/j.physletb.2014.11.049},
	journal={Physics Letters B},
	author={ ATLAS collaboration},
	year={2015},
	pages="222-242",
	month={Jan},
}

@article{tth-l,
      title         = {"{Search} for production of a Higgs boson and a single top
                       quark in multilepton final states in proton collisions at
                       $\sqrt{s}=13~\mathrm{TeV}$". {Report number: CMS-PAS-HIG-17-005}},
      institution   = "CERN",
      collaboration = "CMS collaboration",
      year          = "2017",
      url           = "https://cds.cern.ch/record/2264553",
}

@article{bb,
      title         = {"{Search} for the tH(H$\to \text{b}\bar{\text{b}}$) process
                       in pp collisions at $\sqrt{s}=13\,\mathrm{TeV}$ and study
                       of Higgs boson couplings". {Report number: CMS-PAS-HIG-17-016}},
      author = 		"CMS collaboration",
      year          = "2018",
      url           = "https://cds.cern.ch/record/2621422",
}




@article{asimov,
	title={"{Asymptotic} formulae for likelihood-based tests of new physics"},
	volume={71},
	url={http://dx.doi.org/10.1140/epjc/s10052-011-1554-0},
	number={2},
	journal={Eur. Phys. J. C  71: 1554},
	author={G. Cowan et. al.},
	year={2011},
	month={Feb}
}


@article{ew1,
	author = {{S. Dawson}},
	title = {"{Introduction} to Electroweak Symmetry Breaking"},
	keywords = {High Energy Physics - Phenomenology},
	year = "1999",
	month = "Jan",
	number = {arxiv:hep-ph/9901280},
	primaryClass = {hep-ph},
	url ="https://arxiv.org/abs/hep-ph/9901280"
}


@article{ew2,
	author = {P. Langacker},
	title = {"{Introduction to the Standard Model} and Electroweak Physics"},
	keywords = {High Energy Physics - Phenomenology},
	journal = {The Dawn of the LHC Era: TASI 2008. Proceedings of the 2008 Theoretical Advanced Study Institute in Elementary Particle Physics},
	year = "2010",
	editor = {{Han}, Tao},
	month = "Aug",
	url = {https://doi.org/10.1142/9789812838360_0001},
	archivePrefix = {arXiv},
   journal={The Dawn of the LHC Era},
	primaryClass = {hep-ph},
	adsnote = {Provided by the SAO/NASA Astrophysics Data System}
}


@article{landau,
	author = {L.D. Landau $\&$ E.M. Lifschitz},
	edition = {Third},
	institution = {Institude of Physical Problems},
	school = {URSS Academy of Science},
	series = {Course of Theoretical Physics},
	title = {Mechanics},
	volume = {3},
	year = {1966}
}

@article{higgsd,
title = {"{Observation of a new boson at a mass of 125 GeV with the CMS experiment at the LHC}"},
journal = "Physics Letters B",
volume = "716",
number = "1",
year = "2012",
pages = "30 - 61",
url = "https://doi.org/10.1016/j.physletb.2012.08.021",
author = " CMS collaboration" ,
keywords = "CMS, Physics, Higgs"
}


@article{gross,
	author = {F. Gross },
	edition = {First},
	journal = {WllEY-VCH Verlag GmbH $\&$ Co. KGaA},
	school = {College of William and Mary, Williamsburg, Virginia},
	title = {"{Relativistic} quantum mechanics and field theory"},
	year = {1993}
}

@article{mark,
	author = {M. Thompson },
	edition = {First},
	school = {Cambrige University},
	title = {"{Modern} particle physics"},
	year = {2013}
}



@article{cern1,
	author = {CERN},
	title = {"{Facts and figures about the LHC }"},
	url = "https://home.cern/resources/faqs/facts-and-figures-about-lhc"
}

@article{smi,
title= {"{Standard Model}"},
author={Eric Drexler},
url = "https://en.wikipedia.org/wiki/Standard_Model#/media/File:Elementary_particle_interactions_in_the_Standard_Model.png"
}

@article{smtable,
title = {"{Standard Model}"},
url={{https://en.wikipedia.org/wiki/Standard_Model#/media/File:Standard_Model_of_Elementary_Particles.svg}},
author = {{MissMJ}}
}

@article{roofit,
author={W. Verkerke $\&$ D. Kirkby },
Title={"{The Roofit Toolkit for Data Modeling}"},
url= "http://roofit.sourceforge.net/"
}

@article{timo,
title = "{"{Higgs boson}"}",
author = "T. Rias ",
url={https://en.wikipedia.org/wiki/Higgs_boson}
}

@article{dcrosse,
author={LHC Higgs Cross-Section Working Group},
title= {"{LHC Higgs Cross Section WG Picture Gallery}"},
url= "https://twiki.cern.ch/twiki/bin/view/LHCPhysics/LHCHXSWGCrossSectionsFigures"
}

@article{cern2,
author = {CMS collaboration},
title = {"{CMS} detector"},
month = june,
url={https://cms.cern/detector}
}


@article{cern3,
	author = {G. Apollinari et. al.},
	title = {"{High-Luminosity Large Hadron Collider (HL-LHC) Technical Design Report V. 0.1}". {Report number: CERN-2017-007-M}},
	journal = {CERN Yellow Reports: Monographs Archives Vol 4 (2017)},
	month = April,
    url= "http://dx.doi.org/10.23731/CYRM-2017-004",
	year = {2017}
}


@article{top,
title={"{Properties of the Top Quark}"},
volume={64:363-381},
url={http://dx.doi.org/10.1146/annurev-nucl-102313-025655},
number={1},
journal={Annual Review of Nuclear and Particle Science},
author={F. D\'eliot et. al.},
year={2014},
month={Oct},
}
@article{goldstein,
	author = {Goldstein H., Poole C. $\&$ Safko J.},
	edition = {3},
	location = {San Francisco, Ca.},
	school = {Columbia University.},
	title = {Classical Mechanics},
	year = {2002}
}


@article{pd,
  title = {"{Review} of Particle Physics"},
  author = { Particle Data Group},
  collaboration = {Particle Data Group},
  journal = {Phys. Rev. D},
  volume = {98, 030001},
  issue = {3},
  year = {2018},
  month = {Aug},
  url = {https://link.aps.org/doi/10.1103/PhysRevD.98.030001}
}

@article{cms-manual,
      author        = {CMS collaboration},
      title         = {"{CMS Physics: Technical} Design Report Volume 1: Detector
                       Performance and Software". {Report number: CERN-LHCC-2006-001}},
      collaboration = "CMS collaboration",
      series        = "Technical Design Report CMS",
      year          = "2006",
      url           = "http://cds.cern.ch/record/922757",
}

@article{cms7,
   url={http://dx.doi.org/10.1088/1748-0221/8/11/P11002},
	year = 2013,
	month = {November},
	volume = {Volume 8},
	author = { CMS collaboration},
	title = {"{The performance of the CMS muon detector in proton-proton collisions at $\sqrt{s}$= 7 TeV at the LHC}"},
	journal = {Journal of Instrumentation},
}
		